1899 3015
223 455 294 493 118

220 1053 292 1093 119

221 1320 294 1359 120

582 187 821 233 PLINY:
881 187 1207 233 NATURAL
1250 187 1542 234 HISTORY

327 315 458 360 idem
495 314 797 360 subdialibus
834 317 1104 360 maritimas
1142 315 1286 360 urbes
1321 317 1526 377 pingere
1562 317 1795 367 instituit,

327 381 644 427 blandissimo
681 388 884 442 aspectu
922 384 1224 442 minimoque
1260 381 1509 442 inpendio.

391 448 487 493 Sed
539 448 671 494 nulla
720 448 872 510 gloria
924 448 1165 493 artificum
1211 455 1287 493 est
1336 451 1425 492 nisi
1476 450 1560 510 qui
1600 446 1794 493 tabulas

330 518 547 575 pinxere.
632 531 689 559 eo
758 515 1083 560 venerabilior
1151 517 1464 575 antiquitatis
1530 513 1794 576 prudentia

329 588 551 642 apparet.
623 598 718 626 non
776 584 905 626 enim
964 584 1179 642 parietes
1237 581 1532 626 excolebant
1587 580 1795 626 dominis

327 655 523 693 tantum
563 663 653 693 nec
690 648 860 693 domos
898 665 995 693 uno
1032 650 1080 693 in
1118 648 1222 693 loco
1259 663 1531 701 mansuras,
1569 663 1696 708 quae
1735 663 1795 693 ex

328 714 563 759 incendiis
606 717 710 775 rapi
754 731 851 759 non
895 721 1112 776 possent.
1181 731 1294 759 casa
1337 712 1642 775 Protogenes
1684 730 1797 759 con-

327 788 497 826 tentus
527 788 635 826 erat
662 784 710 826 in
739 780 935 827 hortulo
963 796 1078 834 suo;
1125 781 1258 826 nulla
1284 783 1334 825 in
1362 780 1549 842 Apellis
1577 783 1796 826 tectoriis

328 851 518 909 pictura
567 854 688 892 erat.
758 847 977 893 nondum
1025 848 1214 893 libebat
1260 850 1476 908 parietes
1523 853 1655 893 totos
1702 850 1797 892 tin-

326 929 508 976 guere3
586 917 805 960 omnium
868 930 1035 960 eorum
1098 930 1173 958 ars
1235 914 1437 959 urbibus
1498 914 1796 967 excubabat,

326 984 583 1043 pictorque
616 997 691 1026 res
723 984 994 1026 communis
1026 988 1269 1026 terrarum
1302 987 1423 1026 erat.

391 1047 504 1093 Fuit
536 1054 587 1092 et
617 1047 829 1093 Arellius
860 1048 1047 1093 Romae
1077 1047 1274 1093 celeber
1303 1046 1450 1109 paulo
1481 1053 1598 1092 ante
1628 1046 1797 1092 divum

325 1114 629 1175 Augustum,
677 1117 723 1158 ni
785 1113 972 1177 flagitio
1026 1117 1202 1176 insigni
1263 1116 1561 1175 corrupisset
1619 1119 1796 1168 artem,

325 1197 522 1242 semper
564 1183 607 1225 ei
650 1180 932 1226 lenocinans
976 1180 1208 1235 feminae,
1250 1180 1426 1226 cuius1
1469 1196 1635 1225 amore
1678 1179 1796 1242 flag-

325 1254 475 1301 raret,
496 1254 548 1293 et
568 1247 586 1276 2
606 1248 668 1293 ob
688 1248 738 1293 id
758 1248 875 1293 deas
896 1251 1123 1310 pingens,
1143 1247 1231 1293 sed
1250 1247 1543 1293 dilectarum
1563 1249 1794 1309 imagine.

326 1317 496 1376 itaque
543 1316 589 1359 in
635 1317 827 1376 pictura
874 1317 978 1360 eius
1023 1321 1184 1360 scorta
1228 1314 1634 1359 numerabantur.
1703 1312 1796 1359 fuit

325 1388 378 1426 et
402 1397 560 1442 nuper
584 1384 745 1443 gravis
772 1398 827 1426 ac
853 1397 1052 1426 severus
1078 1381 1311 1442 idemque
1337 1380 1518 1426 floridis
1539 1379 1758 1426 tumidus
1775 1381 1794 1409 3

328 1451 486 1509 pictor
524 1447 797 1493 Famulusss
867 1447 1010 1493 huius
1057 1455 1164 1493 erat
1211 1447 1439 1493 Minerva
1483 1453 1796 1509 spectantem

325 1521 572 1576 spectans,
605 1531 919 1576 quacumque
952 1518 1270 1576 aspiceretur.
1339 1516 1506 1575 paucis
1538 1514 1635 1559 diei
1666 1512 1795 1559 horis

325 1582 583 1642 pingebat,
627 1581 676 1627 id
720 1598 918 1643 quoque
961 1598 1072 1627 cum
1117 1584 1381 1643 gravitate,
1426 1580 1557 1642 quod
1601 1596 1796 1642 semper

324 1655 544 1710 togatus,
583 1664 886 1710 quamquam
924 1651 973 1693 in
1011 1647 1263 1693 machinis.
1333 1663 1498 1693 carcer
1536 1650 1639 1692 eius
1677 1650 1795 1693 artis

324 1715 498 1760 domus
533 1731 682 1760 aurea
717 1714 828 1768 fuit,
864 1721 915 1760 et
948 1715 1061 1760 ideo
1095 1732 1191 1759 non
1227 1721 1405 1760 extant
1439 1713 1668 1775 exempla
1702 1713 1796 1759 alia

325 1797 642 1842 magnopere.
712 1788 824 1843 post
875 1798 989 1827 eum
1041 1781 1179 1827 fuere
1231 1785 1279 1826 in
1331 1783 1630 1827 auctoritate
1682 1780 1795 1826 Cor-

325 1848 481 1894 nelius
552 1847 701 1893 Pinus
777 1855 829 1894 et
903 1849 1074 1894 Attius
1151 1847 1359 1900 Priscus,
1430 1850 1511 1909 qui
1584 1846 1794 1893 Honoris

390 1973 401 1996 ¹
434 1974 616 2012 feminae
645 1974 762 2013 cuius
791 1974 1007 2024 Mayhoff:
1055 1974 1172 2013 cuius
1200 1974 1394 2012 feminae.

388 2027 402 2049 ²
431 2028 629 2077 flagraret
641 2032 684 2066 et
706 2027 896 2067 Urlichs:
927 2028 1110 2078 flagrans
1122 2032 1231 2066 esset
1244 2028 1348 2067 coni.
1363 2027 1512 2077 Silliq:
1543 2026 1724 2077 flagrans
1736 2033 1791 2065 et.

387 2081 402 2104 ⁸
433 2081 591 2119 floridis
618 2081 810 2120 tumidus
837 2082 941 2120 coni.
970 2081 1079 2120 Ian:
1125 2081 1283 2119 floridis
1311 2080 1500 2130 (floridus
1526 2080 1598 2129 B2)
1625 2080 1794 2119 umidus

332 2134 394 2173 B:
444 2135 617 2173 floridus
649 2134 821 2173 humilis
852 2134 910 2173 cd.
944 2135 1041 2173 Par.
1075 2135 1166 2173 Lat.
1199 2136 1331 2173 6797:
1381 2134 1409 2173 f.
1443 2133 1482 2172 h.
1516 2134 1571 2172 rei
1603 2133 1662 2172 cd.
1694 2134 1791 2172 Par.

328 2189 428 2226 6801
452 2204 460 2226 ε
499 2188 525 2226 f.
548 2188 732 2226 humidis
750 2188 809 2226 cd.
840 2188 950 2227 Flor.
982 2189 1121 2227 Rica:
1156 2188 1186 2227 f.
1218 2188 1372 2227 umidis
1401 2186 1511 2226 rell.:
1550 2187 1722 2225 floridus
1749 2191 1793 2226 et

331 2241 497 2279 vividus
516 2242 697 2280 Traube:
732 2241 905 2280 floridus
925 2241 1071 2291 Silliqz
1103 2241 1394 2279 floridissimus
1419 2240 1579 2280 Urlichs
1598 2256 1606 2279 :
1637 2240 1793 2280 floridis

328 2295 488 2360 niu—ltus
513 2295 569 2333 vel
605 2295 633 2333 f.
656 2294 816 2334 nitidus
839 2295 895 2333 vel
914 2294 1098 2334 invictus
1120 2296 1225 2334 coni.
1251 2294 1461 2345 Mayhofs:
1493 2293 1533 2333 S.
1553 2293 1794 2333 Ummidius

327 2348 348 2385 I
365 2348 622 2441 &ligari-iulus
643 2401 754 2439 cdd*
789 2400 973 2439 famulus
998 2401 1205 2439 Frohner:
1251 2399 1454 2439 Fabullus
1478 2399 1536 2440 ed.
1560 2400 1693 2450 princ.

316 2536 331 2552 ‘¹
364 2530 431 2567 If.
457 2543 657 2568 canvases
674 2541 720 2567 or
736 2529 893 2580 pancls,
917 2533 992 2567 not
1013 2529 1353 2580 wall-paintings.
1428 2528 1444 2552 δ
1472 2528 1620 2567 Nero’s
1633 2528 1790 2580 palace.

322 2606 408 2664 34⁵³
