1873 3020
218 569 268 605 38

539 198 778 247 PLINY:
837 197 1165 244 NATURAL
1211 197 1504 244 HISTORY

298 329 588 375 thesaurum
615 325 891 389 effregisset
917 325 1088 379 heres;
1133 325 1333 371 solitum
1361 328 1491 371 enim
1520 341 1581 371 ex
1608 328 1763 371 mani-

301 410 460 469 pretio
517 408 755 466 cuiusque
815 407 939 466 signi
1000 403 1228 449 denarios
1289 418 1529 464 seponere
1588 418 1762 448 aureos

297 483 528 545 singulos.

362 560 551 605 Evecta
592 574 741 620 supra
782 557 1053 603 humanam
1094 556 1243 603 fidem
1284 573 1361 603 ars
1404 564 1481 603 est
1519 572 1763 611 successu,

301 654 413 682 mox
455 644 507 682 et
547 636 772 681 audacia.
840 638 888 680 in
929 641 1282 697 argumentum
1321 650 1572 680 successus
1611 650 1764 679 unum

301 714 585 776 exemplum
618 712 861 768 adferam,
893 729 984 758 nec
1015 712 1222 758 deorum
1252 711 1569 757 hominumve
1600 710 1765 756 simili-

300 791 483 837 tudinis
523 806 803 853 expressae.
870 797 1011 835 aetas
1050 796 1219 835 nostra
1256 788 1380 834 vidit
1416 791 1466 834 in
1503 787 1764 850 Capitolio,

301 872 586 931 priusquam
632 867 682 913 id
729 870 991 913 novissime
1037 866 1369 928 conflagraret
1415 882 1443 910 a
1489 865 1764 911 Vitellianis

301 949 571 1000 incensum,
612 947 662 990 in
703 944 829 990 cella
873 943 1074 989 Iunonis
1115 959 1292 988 canem
1335 958 1397 988 ex
1439 958 1553 988 aere
1595 942 1764 988 volnus

300 1040 443 1068 suum
497 1022 824 1076 lambentem,
880 1024 1016 1066 cuius
1074 1023 1312 1066 eximium
1366 1019 1658 1066 miraculum
1714 1025 1767 1064 et

255 1134 265 1142 .
303 1100 568 1146 indiscreta
599 1102 701 1145 veri
734 1098 1004 1145 similitudo
1036 1115 1134 1143 non
1165 1114 1224 1144 eo
1253 1097 1411 1143 solum
1439 1097 1766 1160 intellegitur,

221 1341 270 1377 39

221 1726 274 1765 40

302 1177 434 1240 quod
462 1177 530 1223 ibi
559 1177 726 1223 dicata
756 1176 940 1231 fuerat,
970 1192 1141 1221 verum
1172 1182 1225 1220 et
1253 1174 1607 1228 satisdatione3
1651 1190 1767 1220 nam

302 1258 536 1317 quoniam
555 1270 747 1300 summa
765 1253 899 1299 nulla
919 1270 1010 1315 par
1028 1252 1308 1307 videbatur,
1324 1255 1491 1314 capite
1509 1251 1767 1298 tutelarios

302 1348 478 1377 cavere
526 1348 615 1393 pro
665 1347 725 1377 ea
774 1333 1063 1376 institutum
1111 1329 1308 1391 publice
1356 1327 1467 1375 fuit.
1536 1327 1768 1391 (XVIII.)

303 1409 541 1454 audaciae
592 1411 851 1454 innumera
902 1415 1018 1454 sunt
1069 1406 1315 1469 exempla.
1381 1405 1535 1452 moles
1585 1408 1767 1468 quippe

304 1489 615 1548 excogitatas
674 1486 897 1532 videmus
957 1492 1257 1539 statuarum,
1317 1500 1439 1546 quas
1497 1482 1768 1530 colossaeas

304 1571 499 1619 vocant,
523 1563 739 1609 turribus
762 1579 923 1625 pares.
992 1561 1106 1609 talis
1131 1568 1208 1608 est
1231 1564 1281 1607 in
1304 1560 1551 1623 Capitolio
1574 1559 1769 1623 Apollo,

302 1641 515 1687 tralatus
546 1657 573 1685 a
607 1640 679 1686 M.
713 1639 918 1686 Lucullo
949 1656 1011 1686 ex
1041 1638 1304 1701 Apollonia
1334 1637 1481 1684 Ponti
1509 1638 1650 1693 urbe,
1677 1652 1770 1682 xxx

304 1719 601 1773 cubitorum,
625 1734 656 1763 D
676 1718 694 1746 1
717 1717 922 1763 talentis
945 1715 1135 1770 factus3
1175 1716 1288 1761 talis
1311 1719 1361 1761 in
1383 1732 1559 1777 campo
1584 1714 1770 1760 Martio

305 1795 548 1857 Iuppiter,
578 1812 605 1840 a
626 1794 644 1823 2
673 1794 880 1840 Claudio
910 1794 1124 1840 Caesare
1153 1793 1365 1848 dicatus,
1394 1795 1476 1855 qui
1505 1792 1770 1838 devoratur

305 1872 593 1934 Pompeiani
658 1872 844 1918 theatri
911 1875 1193 1924 vicinitate3
1275 1870 1387 1916 talis
1453 1877 1505 1915 et
1566 1869 1769 1915 Tarenti

306 1949 466 1996 factus
497 1967 526 1995 a
556 1949 791 2013 Lysippo,
820 1965 878 1994 XL
905 1949 1199 1994 cubitorum.
1267 1950 1444 1993 mirum
1472 1950 1522 1992 in
1552 1962 1610 1993 eo
1638 1945 1770 2008 quod

305 2044 473 2082 manu,
504 2034 561 2073 ut
589 2026 776 2082 ferunt,
806 2026 998 2072 mobilis
1030 2041 1091 2071 ea
1119 2028 1248 2071 ratio
1277 2024 1560 2070 libramenti
1592 2030 1685 2079 est,
1714 2030 1771 2069 ut

305 2104 448 2150 nullis
496 2103 802 2150 convellatur
850 2103 1089 2166 procelliS.
1157 2102 1206 2148 id
1255 2102 1456 2163 quidem
1503 2100 1770 2162 providisse

307 2189 359 2228 et
397 2180 580 2227 artifex
620 2181 799 2227 dicitur
837 2180 1030 2226 modico
1069 2179 1345 2233 intervallo,
1384 2178 1516 2224 unde
1555 2181 1769 2223 maxime

444 2290 457 2312 ¹
489 2301 515 2327 D
541 2289 627 2328 cdd.
648 2305 656 2328 ε
700 2299 724 2325 L
747 2289 965 2327 Oceffleck:
1008 2298 1060 2325 CL
1083 2287 1168 2326 edd.
1196 2293 1285 2326 vett.
1307 2290 1423 2335 (recte
1441 2285 1492 2333 ?).

440 2344 454 2366 ²
484 2357 507 2381 a
536 2343 583 2385 B,
611 2342 669 2381 cd.
697 2343 795 2381 Par.
824 2344 955 2380 6801:
1000 2341 1098 2379 aulo
1123 2341 1234 2379 rell.:
1279 2354 1304 2378 a
1329 2340 1430 2378 divo
1457 2340 1625 2378 Gronov.

687 2445 703 2461 ‘¹
734 2440 801 2478 No
820 2439 957 2478 doubt
977 2452 1001 2476 a
1025 2437 1187 2488 στατήρ.

687 2492 701 2516 ⁶
730 2493 830 2531 This
851 2492 983 2543 figure
1004 2504 1139 2530 seems
1159 2496 1233 2530 too
1254 2492 1380 2541 large.

368 2604 394 2649 6
689 2551 701 2568 ⁰
730 2547 811 2584 Lit.
834 2546 843 2560 ‘
864 2547 896 2583 is
916 2544 1151 2584 swallowed
1173 2557 1230 2595 up
1251 2543 1335 2594 by.’

311 2619 361 2665 15
