1899 3015
252 354 302 391 34

254 887 303 925 35

252 1353 303 1391 36

591 217 833 264 PLINY:
890 217 1217 264 NATURAL
1258 216 1552 266 HISTORY

336 345 514 391 lavere.
585 345 675 390 hac
724 348 931 391 minium
981 345 1237 390 sublinunt
1289 345 1689 407 adulterantque.
1758 349 1806 391 in

336 413 579 458 medicina
634 412 885 473 praeclara
936 428 1012 457 res
1064 411 1293 457 habetur.
1364 412 1623 474 epiphoras
1677 416 1806 458 enim

335 480 587 525 oculorum
621 482 820 541 mitigat
855 495 910 523 ac
945 479 1135 524 dolores
1171 479 1443 524 circumlita
1479 487 1530 525 et
1565 479 1807 542 aegilopia

335 562 537 591 manare
578 545 827 607 prohibet,
868 548 1161 608 sanguinem
1203 547 1521 591 reicientibus
1563 561 1624 591 ex
1666 553 1808 592 aceto

335 613 484 658 datur
510 612 741 658 bibenda.
810 613 997 657 bibitur
1025 619 1077 657 et
1104 620 1274 657 contra
1303 612 1487 657 lienum
1516 615 1807 674 reniumque

336 682 455 724 vitia
509 686 561 724 et
613 681 934 741 purgationes
990 678 1303 732 feminarum,
1357 682 1478 724 item
1533 686 1585 724 et
1637 686 1809 724 contra

336 762 527 791 venena
562 752 613 790 et
645 748 951 807 serpentium
984 748 1110 790 ictus
1143 749 1453 790 terrestrium
1487 748 1809 792 marinorum-

336 829 450 874 que,
485 813 711 857 omnibus
746 812 857 857 ideo
893 812 1128 857 antidotis
1163 811 1429 857 familiaris.

401 880 506 924 XV.
545 879 585 924 E
632 879 831 940 reliquis
878 879 1101 923 rubricae
1147 880 1412 941 generibus
1459 877 1608 924 fabris
1656 878 1807 924 utilis—

336 949 459 991 sima
496 946 752 1008 Aegyptia
792 952 843 991 et
883 944 1133 999 Africana,
1173 948 1406 1007 quoniam
1447 948 1664 991 maxime
1711 962 1808 991 sor-

335 1013 518 1058 bentur
565 1012 823 1058 tectoriis}
890 1011 1117 1057 rubrica2
1171 1019 1341 1057 autem
1389 1014 1608 1058 nascitur
1655 1018 1706 1058 et
1759 1015 1807 1057 in

336 1079 549 1124 ferrariis
584 1079 813 1124 metallis.
883 1078 1017 1124 XVI.
1055 1079 1128 1124 Ea
1159 1086 1210 1124 et
1236 1079 1292 1124 fit
1327 1078 1508 1124 ochra3
1544 1085 1722 1124 exusta
1756 1081 1804 1124 in

337 1146 441 1192 ollis
498 1149 633 1191 novis
690 1146 795 1191 luto
851 1145 1149 1191 circumlitis.
1219 1162 1317 1207 quo
1373 1148 1529 1207 magis
1587 1148 1705 1191 arsit
1760 1148 1810 1191 in

336 1215 557 1266 caminis,
603 1212 695 1258 hoc
741 1212 928 1257 melior.
998 1215 1154 1258 omnis
1203 1219 1371 1258 autem
1420 1213 1614 1257 rubrica
1659 1214 1810 1258 siccat

336 1279 548 1341 ideoque
578 1295 639 1325 ex
663 1279 682 1308 4
713 1279 991 1340 emplastris
1020 1279 1317 1324 conveniet5
1344 1282 1445 1341 igni
1475 1282 1627 1324 etiam
1655 1295 1806 1325 sacro.

401 1346 564 1392 XVII.
602 1345 846 1407 Sinopidis
868 1344 1103 1391 Ponticae
1124 1345 1333 1392 selibrae
1354 1345 1451 1391 silis
1467 1345 1614 1391 lucidi
1634 1345 1766 1391 libris
1782 1362 1809 1391 x

337 1419 390 1459 et
419 1412 595 1458 Melini
625 1414 916 1459 Graecensis
946 1428 983 1457 11
1010 1415 1178 1458 mixtis
1207 1415 1437 1474 tritisque
1466 1429 1563 1457 una
1590 1428 1679 1474 per
1705 1413 1808 1458 dies

335 1480 589 1526 duodenos
614 1481 632 1509 ⁶
662 1479 1016 1540 leucophorum
1046 1480 1116 1525 fit.
1184 1478 1276 1525 hoc
1307 1486 1381 1525 est
1411 1479 1659 1542 glutinum
1689 1482 1809 1534 auri,

336 1564 448 1592 cum
479 1547 729 1592 inducitur
759 1546 907 1609 ligno.

400 1613 589 1659 XVIII.
628 1612 978 1659 Paraetonium
1007 1611 1098 1658 loci
1127 1628 1308 1658 nomen
1335 1611 1490 1658 habet
1518 1628 1579 1658 ex
1608 1612 1808 1675 Aegyp-

337 1687 405 1726 to.
474 1697 701 1742 spumam
765 1683 912 1725 maris
979 1695 1085 1725 esse
1150 1680 1322 1725 dicunt
1380 1679 1641 1725 solidatam
1698 1695 1808 1725 cum

339 1747 471 1800 limo,
515 1754 566 1792 et
608 1747 719 1793 ideo
761 1746 977 1792 conchae
1018 1749 1242 1792 minutae
1285 1749 1603 1791 inveniuntur
1642 1748 1693 1791 in
1735 1762 1807 1791 eo.

340 1814 394 1859 fit
437 1820 488 1859 et
529 1818 579 1859 in
621 1814 772 1859 Creta
812 1813 971 1859 insula
1014 1820 1166 1876 atque
1209 1812 1430 1876 Cyrenis.
1499 1812 1811 1858 adulteratur

339 1881 525 1926 Romae
559 1888 697 1926 creta
731 1880 938 1926 Cimolia
972 1880 1179 1925 decocta
1212 1883 1633 1941 conspissataque.
1702 1895 1810 1940 pre-

337 1950 462 1992 tium
495 1950 683 2009 optimo
716 1950 766 1992 in
798 1947 963 2009 pondo
992 1963 1040 1992 VI
1074 1948 1111 1994 Χ
1144 1962 1184 1992 L.
1254 1962 1281 1992 e
1314 1946 1534 1992 candidis
1568 1946 1809 1992 coloribus

406 2055 415 2076 ¹
448 2055 635 2093 tectoriis
664 2054 880 2104 Mayhoff:
927 2054 1114 2104 picturis.

401 2108 415 2130 2
444 2108 610 2146 rubrica
635 2107 699 2146 hic
725 2107 920 2157 Mayhoff
935 2123 942 2146 ε
987 2107 1098 2158 infra
1120 2112 1216 2156 post
1240 2112 1405 2145 exusta.

400 2162 414 2183 ³
444 2174 491 2199 ea
508 2166 551 2199 et
565 2161 615 2199 fit
634 2161 761 2199 ochra
779 2161 990 2210 Mayhosf:
1024 2174 1075 2199 ex
1093 2174 1141 2199 ea·
1160 2159 1210 2199 fit
1229 2159 1355 2199 ochra
1374 2165 1444 2198 aut
1464 2159 1590 2198 ochra
1610 2172 1660 2198 ex
1681 2172 1729 2198 ea
1747 2158 1809 2198 fit.

403 2215 417 2236 ⁴
447 2228 497 2252 ex
520 2220 591 2253 aut
614 2219 657 2252 et
679 2214 765 2253 cdd.
791 2216 887 2263 (om.
911 2214 981 2262 B).

403 2268 417 2290 ⁵
448 2268 671 2306 conveniet
695 2269 752 2306 vel
773 2268 1000 2306 conveniat
1023 2266 1218 2317 Maykoff
1232 2282 1240 2305 :
1281 2266 1481 2305 convenit
1502 2270 1557 2305 et.

403 2322 417 2344 ὃ
449 2321 670 2359 duodenos
695 2321 912 2372 Mayhoff:
955 2321 1162 2359 duodenis
1185 2321 1249 2359 B:
1291 2330 1357 2359 XII
1382 2320 1465 2358 rell.

363 2504 368 2517 1
395 2455 411 2474 ‘¹
440 2450 580 2488 Marsa
600 2450 751 2488 Labeit
770 2450 812 2488 in
830 2449 883 2488 N.
904 2449 1060 2496 Africa,
1082 2448 1271 2487 between
1290 2448 1436 2499 Egypt
1453 2447 1538 2486 and
1557 2446 1630 2486 the
1648 2446 1807 2499 Syrtes.

339 2503 407 2578 (fb
421 2504 705 2602 ndfassggv,
732 2556 806 2594 195
826 2555 870 2594 ff.

345 2634 428 2677 286
