1899 3015
255 425 303 446 qo

255 452 303 461 ..1-

598 222 840 269 PLINY:
897 223 1223 269 NATURAL
1266 223 1557 270 HISTORY

337 353 547 404 censuit,
587 349 736 411 idque
776 353 927 395 etiam
967 350 1107 396 divus
1146 351 1404 412 Augustus
1442 353 1808 413 comprobavit;

338 432 461 478 puer
507 420 671 478 magni
723 416 972 478 profectus
1020 419 1068 461 in
1118 433 1176 462 ea
1224 424 1331 462 arte
1378 417 1515 463 obiit.
1584 419 1808 481 (lignatio

337 490 507 529 autem
557 486 823 544 praecipua
872 483 1058 529 Rornae
1108 486 1329 537 increvit,
1381 490 1435 529 ut
1484 487 1730 539 existimo,
1779 503 1808 531 a

338 549 427 595 M'.
460 549 656 595 Valerio
690 549 913 595 Maximo
947 549 1180 604 Messala,
1212 553 1295 611 qui
1327 553 1552 612 princeps
1584 552 1805 598 tabulam

335 616 620 681 [picturam]
642 616 657 644 1
680 616 868 678 proelii,
890 633 987 678 quo
1007 616 1443 679 Carthaginienses
1464 624 1517 663 et
1537 617 1804 664 Hieronem

335 686 382 728 in
411 682 572 728 Sicilia
599 686 801 736 vicerat,
831 686 1085 744 proposuit
1111 686 1160 728 in
1189 683 1345 729 latere
1372 686 1537 730 curiae
1565 684 1807 732 Hostiliae

335 766 463 795 anno
506 751 568 795 ab
612 750 731 795 urbe
779 750 978 795 condita
1019 765 1202 795 CCCCXC.
1272 749 1392 796 fecit
1437 749 1529 796 hoc
1576 751 1707 797 idem
1755 759 1808 798 et

337 816 392 862 L.
440 815 601 878 Scipio
647 816 971 878 tabulamque
1019 819 1252 862 victoriae
1297 832 1416 862 suae
1462 817 1712 864 Asiaticae
1757 821 1806 864 in

335 882 579 944 Capitolio
621 886 801 944 posuit,
841 883 992 945 idque
1032 899 1181 945 aegre
1222 883 1393 928 tulisse
1433 882 1637 929 fratrem
1678 883 1807 930 Afri-

333 966 509 995 canum
560 950 782 1004 tradunt,
832 949 955 995 haut
1003 951 1250 1003 inmerito,
1293 949 1492 1011 quando
1535 950 1660 996 filius
1702 954 1807 999 eius

252 1024 284 1060 2.
336 1016 416 1062 illo
452 1016 636 1078 proelio
671 1023 846 1078 captus
882 1015 1061 1061 fuerat.
1130 1033 1228 1062 non
1263 1016 1548 1062 dissimilem
1583 1017 1806 1064 offensio-

336 1099 446 1128 nem
495 1089 545 1128 et
592 1083 854 1128 Aemiliani
899 1083 1051 1128 subiit
1096 1083 1151 1128 L.
1200 1082 1478 1128 Hostilius2
1525 1082 1806 1139 Mancinus,

335 1152 416 1212 qui
481 1152 666 1211 primus
730 1148 1085 1212 Carthaginem
1150 1152 1423 1210 inruperat,
1486 1151 1637 1195 situm
1701 1154 1806 1197 eius

334 1219 832 1278 oppugnationesque
877 1216 1100 1278 depictas
1146 1215 1466 1277 proponendo
1510 1219 1560 1261 in
1603 1215 1708 1263 foro
1753 1225 1805 1264 et

335 1286 437 1344 ipse
480 1283 723 1328 adsistens
764 1282 946 1345 populo
987 1286 1234 1344 spectanti
1277 1282 1471 1345 singula
1511 1284 1804 1337 enarrando,

333 1366 430 1411 qua
463 1352 701 1395 comitate
735 1352 969 1411 proximis
1003 1352 1212 1395 comitiis
1246 1349 1556 1394 consulatum
1591 1350 1804 1411 adeptus

334 1423 424 1462 est.
493 1415 668 1461 habuit
695 1423 747 1462 et
773 1432 952 1461 scaena
977 1415 1103 1462 ludis
1130 1415 1320 1461 Claudii
1350 1414 1544 1461 Pulchri
1570 1433 1801 1479 magnam

333 1482 711 1528 admirationem
762 1486 1003 1544 picturae,
1051 1499 1163 1528 cum
1213 1482 1274 1528 ad
1323 1482 1606 1545 tegularum
1654 1484 1803 1529 simil-

333 1549 559 1595 tudinem
594 1552 723 1594 corvi
757 1550 955 1611 decepti
989 1552 1206 1612 imagine
1227 1549 1246 1577 3
1280 1548 1583 1595 advolarent.

398 1616 537 1661 VIII.
579 1615 778 1662 Tabulis
869 1622 1039 1662 autem
1135 1618 1353 1661 externis
1451 1618 1802 1662 auctoritatem

334 1682 518 1728 Romae
554 1683 750 1744 publice
786 1681 905 1728 fecit
940 1685 1124 1744 primus
1160 1685 1379 1727 omnium
1416 1681 1472 1728 L.
1512 1681 1802 1737 Mummius,

331 1752 407 1794 cui
441 1766 715 1811 cognomen
749 1748 949 1795 Achiaci
983 1751 1186 1795 victoria
1217 1749 1371 1795 dedit.
1440 1765 1655 1811 namque
1687 1766 1799 1795 cum

331 1818 380 1861 in
428 1816 611 1877 praeda
660 1816 921 1862 vendenda
968 1832 1053 1861 rex
1102 1815 1342 1861 Attalus4
1394 1816 1554 1879 ΧΓν-ῆῧ
1601 1819 1802 1863 emisset

331 1882 552 1928 tabulam
580 1883 827 1936 Aristidis,
854 1883 1089 1928 Liberum
1115 1890 1328 1944 patrem,
1353 1885 1570 1944 pretium
1593 1886 1800 1930 miratus

452 1982 461 2004 ¹
494 1982 709 2033 Mapshoff:
757 1983 922 2033 pictura
948 1983 1010 2020 B:
1056 1982 1214 2033 pictam
1241 1982 1323 2020 rell.

447 2036 460 2057 ²
488 2035 707 2075 hostili’m.
732 2035 771 2074 S.
798 2036 861 2074 B:
905 2035 1099 2074 hostilius
1122 2035 1211 2074 M.f.
1237 2036 1342 2075 coni.
1367 2034 1461 2073 Ian.

450 2091 464 2110 ³¹
503 2090 576 2128 VJ.
608 2089 861 2140 imaginem:
910 2089 1082 2140 imagini
1110 2088 1205 2127 Ian.

446 2143 463 2166 ⁴
492 2156 563 2181 rex
587 2143 749 2181 attalus
771 2142 1038 2181 distraxisset
1060 2146 1104 2180 et
1126 2142 1184 2181 cd.
1209 2142 1306 2180 Par.
1333 2142 1450 2181 6801.

449 2195 464 2218 ⁵
496 2194 607 2248 3<ffil
631 2195 834 2246 Detlefsen
853 2211 861 2235 :
901 2196 996 2234 XKT‘I
1017 2195 1237 2235 Har-donin
1256 2210 1264 2234 :
1305 2206 1384 2234 XVI
1405 2200 1477 2234 aut
1496 2204 1582 2234 XIII
1603 2194 1690 2235 cdd.

385 2309 403 2328 ⁰
433 2304 544 2344 Over
563 2303 800 2342 Antiochus
820 2303 886 2340 III
909 2303 951 2341 in
975 2305 1049 2342 190
1069 2315 1151 2342 B.C.

386 2357 401 2381 ὁ
430 2358 651 2396 Mancinus
691 2356 972 2395 commanded
1013 2356 1085 2395 the
1125 2356 1295 2395 Roman
1334 2355 1432 2395 fleet
1470 2355 1514 2394 in
1555 2355 1628 2394 the
1667 2356 1794 2395 Third

330 2411 460 2450 Punic
502 2412 601 2449 War
639 2410 761 2449 when
799 2410 1009 2460 Carthage
1049 2423 1134 2448 was
1173 2409 1304 2448 taken
1343 2409 1428 2448 and
1467 2409 1695 2460 destroyed
1737 2410 1793 2460 by

327 2465 467 2516 Scipio
489 2463 751 2503 Aemilianus
775 2463 818 2502 in
845 2464 920 2501 146
946 2474 1027 2501 13.c.

383 2524 397 2541 ⁶
428 2518 538 2557 Over
566 2517 637 2556 the
666 2517 822 2556 Greeks
850 2517 891 2555 in
925 2517 999 2555 146
1029 2528 1126 2561 B.c.,
1157 2515 1277 2555 when
1306 2515 1537 2555 Mummius
1566 2515 1794 2567 destroyed

327 2571 514 2609 Corinth.

331 2637 417 2694 276
