1899 3015
572 182 814 228 PLINY:
872 181 1201 228 NATURAL
1243 180 1536 227 HISTORY

211 318 285 356 133
381 308 791 371 Quadripedum1
829 312 1156 371 prosperrime
1181 324 1326 353 canes
1364 309 1620 369 expressit.
1702 306 1779 353 hic

322 391 397 429 est
470 383 648 436 Nicias,
710 382 772 428 de
836 399 933 444 quo
983 382 1181 427 dicebat
1247 380 1519 427 Praxiteles
1582 383 1787 427 interro-

320 464 483 520 gatus,
523 472 651 517 quae
698 458 914 500 maxime
963 471 1112 516 opera
1150 471 1238 500 sua
1286 455 1519 515 probaret
1565 456 1614 498 in
1664 469 1788 499 mar-

321 531 564 576 moribus:
607 529 784 590 quibus
811 529 972 573 Nicias
999 545 1200 573 manum
1226 527 1552 580 admovisset3
1593 533 1789 573 tantum

321 603 661 649 circumlitioni
700 605 803 647 eius
840 602 1109 647 tribuebat.
1180 617 1276 646 non
1318 603 1436 646 satis
1481 599 1790 655 discernitur,

323 677 472 722 alium
532 676 708 721 eodem
766 678 964 721 nomine
1024 691 1085 719 an
1140 674 1268 719 hunc
1323 673 1535 719 eundem
1591 674 1790 735 quidam

325 750 507 795 faciant
543 749 825 812 olympiade
863 764 976 794 cx11.

215 831 289 869 134
386 823 553 868 Niciae
570 829 884 884 eomparatur
901 829 953 867 et
969 821 1233 883 aliquando
1247 819 1527 882 praefertur
1541 818 1791 866 Athenion

326 897 617 950 Maronites,
652 895 932 941 Glaucionis
967 894 1203 941 Corinthii
1239 893 1521 955 discipulus,
1555 896 1794 939 austerior

322 970 481 1016 colore
514 976 566 1015 et
596 972 645 1014 in
677 972 970 1014 austeritate
1001 968 1271 1021 iucundior,
1302 974 1360 1013 ut
1389 969 1438 1012 in
1469 969 1574 1028 ipsa
1604 969 1793 1028 pictura

325 1044 536 1089 eruditio
563 1032 791 1088 eluceat.
861 1045 1021 1104 pinxit
1066 1045 1115 1086 in
1160 1040 1348 1102 templo
1393 1039 1626 1085 Eleusine
1672 1039 1793 1102 phy-

325 1116 543 1162 larchum
594 1123 645 1161 et
695 1115 906 1161 Athenis
956 1115 1307 1176 frequentiam,
1357 1130 1506 1175 quam
1559 1129 1794 1159 vocavere

324 1193 643 1253 syngenieon‚
695 1192 816 1235 item
870 1188 1113 1234 Achillem
1165 1190 1362 1250 virginis
1413 1186 1587 1232 habitu
1639 1186 1795 1232 oecul-

324 1271 487 1309 tatum
516 1263 665 1310 Ulixe
692 1263 1035 1324 deprendente
1064 1269 1116 1307 et
1143 1264 1193 1306 in
1220 1277 1318 1307 una
1344 1259 1516 1306 tabula
1541 1275 1590 1305 VI
1618 1260 1795 1322 signa,2

327 1353 524 1399 quaque
581 1339 797 1381 maxime
855 1335 1098 1389 inclaruit,
1157 1350 1424 1397 agasonem
1480 1350 1592 1379 cum
1651 1349 1792 1395 equo.

327 1411 458 1472 quod
495 1413 585 1455 nisi
620 1413 670 1454 in
704 1413 907 1455 iuventa
942 1410 1136 1463 obiiset,
1174 1424 1319 1453 nemo
1354 1413 1738 1468 compararetur.

219 1490 291 1530 135
389 1484 479 1529 Est
517 1500 697 1529 nomen
737 1490 789 1529 et
828 1482 1077 1528 Heraclidi
1120 1481 1398 1527 Macedoni.
1469 1483 1607 1526 initio
1647 1496 1794 1526 naves

328 1560 488 1619 pinxit
522 1564 768 1618 captoque
806 1555 985 1602 Perseo
1020 1572 1138 1617 rege
1174 1554 1399 1600 Athenas
1434 1556 1791 1616 commigravit.

329 1632 409 1677 ubi
432 1631 608 1676 eodem
629 1637 855 1692 tempore
887 1636 995 1675 erat
1023 1628 1358 1682 Metrodorus,
1378 1630 1536 1689 pictor
1561 1627 1794 1689 idemque

328 1703 661 1766 philosophus,
686 1708 735 1749 in
761 1711 972 1765 utraque
998 1705 1204 1749 scientia
1228 1716 1440 1764 magnae
1469 1703 1792 1746 auctoritatis.

329 1781 497 1839 itaque
533 1794 646 1822 eum
683 1777 738 1822 L.
783 1775 963 1822 Paulus
1006 1777 1200 1822 devicto
1244 1773 1423 1820 Perseo
1466 1777 1692 1835 petiisset
1734 1774 1796 1820 ab

331 1850 735 1904 Atheniensibus,
802 1857 858 1896 ut
925 1853 953 1894 ii
1022 1850 1111 1895 sibi
1178 1865 1327 1910 quam
1396 1848 1797 1909 probatissimum

330 1923 673 1986 philosophum
711 1926 973 1969 mitterent
1012 1923 1074 1968 ad
1114 1921 1410 1968 erudiendos
1447 1920 1641 1975 liberos,
1674 1923 1796 1966 item

329 2001 568 2059 pictorem
607 1997 669 2043 ad
714 1996 1023 2058 triumphum
1070 1995 1414 2049 excolendum,
1463 1993 1795 2040 Athenienses

334 2070 678 2117 Metrodorum
707 2070 984 2132 elegerunt,
1012 2069 1217 2131 professi
1251 2068 1466 2114 eundem
1498 2070 1549 2112 in
1582 2074 1794 2129 utroque

332 2144 574 2191 desiderio
600 2147 1096 2206 praestantissimum,
1124 2141 1257 2204 quod
1282 2144 1352 2187 ita
1386 2139 1565 2187 Paulus
1599 2156 1796 2203 quoque

395 2288 407 2310 ¹
439 2288 747 2339 quadripedum
771 2288 941 2337 Madvig]
960 2304 967 2326 :
1010 2285 1268 2337 quadripedo
1291 2284 1588 2336 (quadripedes
1610 2284 1678 2333 Β).

394 2341 408 2363 ²
435 2354 479 2380 vl
502 2343 619 2392 signa
643 2344 825 2380 Gronov:
867 2341 1017 2392 insigni
1040 2342 1207 2379 Darem*
1234 2355 1242 2378 :
1282 2344 1332 2377 ut
1353 2339 1484 2390 signa.

382 2517 398 2534 ⁰
425 2509 468 2549 It
489 2516 603 2550 must
624 2511 674 2549 be
698 2509 982 2548 remembered
1002 2509 1101 2549 that
1116 2508 1254 2548 Greek
1275 2506 1459 2547 marbles
1479 2519 1585 2545 were
1606 2504 1795 2557 painted.

286 2563 298 2571 ’
332 2589 419 2646 358
