<?xml version="1.0" encoding="UTF-8"?>
<!DOCTYPE html PUBLIC "-//W3C//DTD XHTML 1.0 Transitional//EN"
    "http://www.w3.org/TR/xhtml1/DTD/xhtml1-transitional.dtd">
<html xmlns="http://www.w3.org/1999/xhtml" xml:lang="en" lang="en">
 <head>
  <title>
</title>
<meta http-equiv="Content-Type" content="text/html;charset=utf-8" />
  <meta name='ocr-system' content='tesseract 3.04.00' />
  <meta name='ocr-capabilities' content='ocr_page ocr_carea ocr_par ocr_line ocrx_word'/>
</head>
<body>
  <div class='ocr_page' id='page_1' title='image "./naturalhistory09plinuoft_0328.png"; bbox 0 0 1899 3015; ppageno 0'>
   <div class='ocr_carea' id='block_1_1' title="bbox 595 201 1558 248">
    <p class='ocr_par' dir='ltr' id='par_1_1' title="bbox 595 201 1558 248">
     <span class='ocr_line' id='line_1_1' title="bbox 595 201 1558 248; baseline 0.001 -1"><span class='ocrx_word' id='word_1_1' title='bbox 595 201 836 248; x_wconf 89' lang='lat' dir='ltr'>PLINY:</span> <span class='ocrx_word' id='word_1_2' title='bbox 894 201 1221 248; x_wconf 88' lang='lat' dir='ltr'>NATURAL</span> <span class='ocrx_word' id='word_1_3' title='bbox 1264 201 1558 248; x_wconf 86' lang='lat' dir='ltr'>HISTORY</span> 
     </span>
    </p>
   </div>
   <div class='ocr_carea' id='block_1_2' title="bbox 258 329 1811 1934">
    <p class='ocr_par' dir='ltr' id='par_1_2' title="bbox 258 329 1811 1934">
     <span class='ocr_line' id='line_1_2' title="bbox 343 329 1811 392; baseline 0.002 -19"><span class='ocrx_word' id='word_1_4' title='bbox 343 332 623 374; x_wconf 90' lang='lat' dir='ltr'>metientes.</span> <span class='ocrx_word' id='word_1_5' title='bbox 694 336 845 390; x_wconf 89' lang='lat' dir='ltr'>atque</span> <span class='ocrx_word' id='word_1_6' title='bbox 868 332 915 373; x_wconf 87' lang='lat' dir='ltr'>in</span> <span class='ocrx_word' id='word_1_7' title='bbox 939 332 1080 374; x_wconf 89' lang='lat' dir='ltr'>unius</span> <span class='ocrx_word' id='word_1_8' title='bbox 1103 329 1245 374; x_wconf 90' lang='lat' dir='ltr'>huius</span> <span class='ocrx_word' id='word_1_9' title='bbox 1267 330 1497 390; x_wconf 82' lang='lat' dir='ltr'>operibus</span> <span class='ocrx_word' id='word_1_10' title='bbox 1518 329 1811 392; x_wconf 80' lang='lat' dir='ltr'>intelligitur</span> 
     </span>
     <span class='ocr_line' id='line_1_3' title="bbox 342 402 1810 464; baseline 0.001 -17"><span class='ocrx_word' id='word_1_11' title='bbox 342 402 449 463; x_wconf 88' lang='lat' dir='ltr'>plus</span> <span class='ocrx_word' id='word_1_12' title='bbox 483 418 679 463; x_wconf 78' lang='lat' dir='ltr'><strong>semper</strong></span> <span class='ocrx_word' id='word_1_13' title='bbox 711 419 860 464; x_wconf 90' lang='lat' dir='ltr'>quam</span> <span class='ocrx_word' id='word_1_14' title='bbox 896 405 1115 464; x_wconf 74' lang='lat' dir='ltr'>pingitur</span> <span class='ocrx_word' id='word_1_15' title='bbox 1149 409 1217 456; x_wconf 88' lang='lat' dir='ltr'>et,</span> <span class='ocrx_word' id='word_1_16' title='bbox 1251 419 1361 448; x_wconf 91' lang='lat' dir='ltr'>cum</span> <span class='ocrx_word' id='word_1_17' title='bbox 1396 406 1460 448; x_wconf 84' lang='lat' dir='ltr'>sit</span> <span class='ocrx_word' id='word_1_18' title='bbox 1492 419 1568 448; x_wconf 86' lang='lat' dir='ltr'>ars</span> <span class='ocrx_word' id='word_1_19' title='bbox 1602 420 1810 459; x_wconf 89' lang='lat' dir='ltr'>summa,</span> 
     </span>
     <span class='ocr_line' id='line_1_4' title="bbox 343 476 1811 537; baseline 0.002 -17"><span class='ocrx_word' id='word_1_20' title='bbox 343 478 594 537; x_wconf 80' lang='lat' dir='ltr'>ingenium</span> <span class='ocrx_word' id='word_1_21' title='bbox 634 482 805 521; x_wconf 89' lang='lat' dir='ltr'>tamen</span> <span class='ocrx_word' id='word_1_22' title='bbox 844 476 974 521; x_wconf 87' lang='lat' dir='ltr'>ultra</span> <span class='ocrx_word' id='word_1_23' title='bbox 1013 483 1171 521; x_wconf 84' lang='lat' dir='ltr'>artem</span> <span class='ocrx_word' id='word_1_24' title='bbox 1212 483 1302 521; x_wconf 87' lang='lat' dir='ltr'>est.</span> <span class='ocrx_word' id='word_1_25' title='bbox 1371 479 1533 537; x_wconf 83' lang='lat' dir='ltr'>pinxit</span> <span class='ocrx_word' id='word_1_26' title='bbox 1572 484 1624 522; x_wconf 92' lang='lat' dir='ltr'>et</span> <span class='ocrx_word' id='word_1_27' title='bbox 1662 476 1811 523; x_wconf 88' lang='lat' dir='ltr'>heroa</span> 
     </span>
     <span class='ocr_line' id='line_1_5' title="bbox 342 548 1810 611; baseline 0.001 -17"><span class='ocrx_word' id='word_1_28' title='bbox 342 548 687 594; x_wconf 81' lang='lat' dir='ltr'>absolutissimi</span> <span class='ocrx_word' id='word_1_29' title='bbox 732 552 909 610; x_wconf 87' lang='lat' dir='ltr'>operis,</span> <span class='ocrx_word' id='word_1_30' title='bbox 954 556 1111 594; x_wconf 90' lang='lat' dir='ltr'>artem</span> <span class='ocrx_word' id='word_1_31' title='bbox 1157 552 1312 611; x_wconf 83' lang='lat' dir='ltr'>ipsam</span> <span class='ocrx_word' id='word_1_32' title='bbox 1357 549 1642 611; x_wconf 84' lang='lat' dir='ltr'>complexus</span> <span class='ocrx_word' id='word_1_33' title='bbox 1687 553 1810 597; x_wconf 90' lang='lat' dir='ltr'>viros</span> 
     </span>
     <span class='ocr_line' id='line_1_6' title="bbox 342 621 1808 684; baseline 0.001 -17"><span class='ocrx_word' id='word_1_34' title='bbox 342 622 595 684; x_wconf 73' lang='lat' dir='ltr'>pingendi,</span> <span class='ocrx_word' id='word_1_35' title='bbox 618 622 750 683; x_wconf 91' lang='lat' dir='ltr'>quod</span> <span class='ocrx_word' id='word_1_36' title='bbox 771 639 893 683; x_wconf 90' lang='lat' dir='ltr'>opus</span> <span class='ocrx_word' id='word_1_37' title='bbox 916 639 1044 667; x_wconf 89' lang='lat' dir='ltr'>nunc</span> <span class='ocrx_word' id='word_1_38' title='bbox 1066 622 1253 667; x_wconf 85' lang='lat' dir='ltr'>Romae</span> <span class='ocrx_word' id='word_1_39' title='bbox 1276 625 1324 667; x_wconf 90' lang='lat' dir='ltr'>in</span> <span class='ocrx_word' id='word_1_40' title='bbox 1347 623 1534 684; x_wconf 91' lang='lat' dir='ltr'>templo</span> <span class='ocrx_word' id='word_1_41' title='bbox 1558 621 1695 669; x_wconf 85' lang='lat' dir='ltr'>Pacis</span> <span class='ocrx_word' id='word_1_42' title='bbox 1718 631 1808 670; x_wconf 88' lang='lat' dir='ltr'>est.</span> 
     </span>
     <span class='ocr_line' id='line_1_7' title="bbox 258 695 1810 759; baseline 0.001 -19"><span class='ocrx_word' id='word_1_43' title='bbox 258 703 308 739; x_wconf 83' lang='lat'>75</span> <span class='ocrx_word' id='word_1_44' title='bbox 404 696 676 741; x_wconf 86' lang='lat' dir='ltr'>Euxinidas</span> <span class='ocrx_word' id='word_1_45' title='bbox 734 695 826 740; x_wconf 89' lang='lat' dir='ltr'>hac</span> <span class='ocrx_word' id='word_1_46' title='bbox 885 703 1054 740; x_wconf 90' lang='lat' dir='ltr'>aetate</span> <span class='ocrx_word' id='word_1_47' title='bbox 1114 696 1283 741; x_wconf 89' lang='lat' dir='ltr'>docuit</span> <span class='ocrx_word' id='word_1_48' title='bbox 1342 696 1613 751; x_wconf 86' lang='lat' dir='ltr'>Aristiden,</span> <span class='ocrx_word' id='word_1_49' title='bbox 1671 714 1810 759; x_wconf 90' lang='lat' dir='ltr'>prae-</span> 
     </span>
     <span class='ocr_line' id='line_1_8' title="bbox 341 767 1810 832; baseline 0.002 -19"><span class='ocrx_word' id='word_1_50' title='bbox 341 768 525 814; x_wconf 89' lang='lat' dir='ltr'>clarum</span> <span class='ocrx_word' id='word_1_51' title='bbox 581 769 838 822; x_wconf 89' lang='lat' dir='ltr'>artificem,</span> <span class='ocrx_word' id='word_1_52' title='bbox 894 769 1182 830; x_wconf 87' lang='lat' dir='ltr'>Eupompus</span> <span class='ocrx_word' id='word_1_53' title='bbox 1238 767 1568 830; x_wconf 89' lang='lat' dir='ltr'>Pamphilum,</span> <span class='ocrx_word' id='word_1_54' title='bbox 1623 770 1810 832; x_wconf 89' lang='lat' dir='ltr'>Apellis</span> 
     </span>
     <span class='ocr_line' id='line_1_9' title="bbox 342 842 1811 906; baseline 0.001 -19"><span class='ocrx_word' id='word_1_55' title='bbox 342 849 732 904; x_wconf 80' lang='lat' dir='ltr'>praeceptorem.</span> <span class='ocrx_word' id='word_1_56' title='bbox 802 849 879 888; x_wconf 89' lang='lat' dir='ltr'>est</span> <span class='ocrx_word' id='word_1_57' title='bbox 909 842 1155 904; x_wconf 90' lang='lat' dir='ltr'>Eupompi</span> <span class='ocrx_word' id='word_1_58' title='bbox 1187 845 1341 888; x_wconf 83' lang='lat' dir='ltr'>victor</span> <span class='ocrx_word' id='word_1_59' title='bbox 1369 845 1641 889; x_wconf 85' lang='lat' dir='ltr'>certamine</span> <span class='ocrx_word' id='word_1_60' title='bbox 1671 860 1811 906; x_wconf 90' lang='lat' dir='ltr'>gym-</span> 
     </span>
     <span class='ocr_line' id='line_1_10' title="bbox 343 915 1810 977; baseline 0.002 -17"><span class='ocrx_word' id='word_1_61' title='bbox 343 918 449 961; x_wconf 84' lang='lat' dir='ltr'>nico</span> <span class='ocrx_word' id='word_1_62' title='bbox 490 915 706 977; x_wconf 88' lang='lat' dir='ltr'>palmam</span> <span class='ocrx_word' id='word_1_63' title='bbox 748 922 941 961; x_wconf 90' lang='lat' dir='ltr'>tenens.</span> <span class='ocrx_word' id='word_1_64' title='bbox 1011 919 1161 977; x_wconf 91' lang='lat' dir='ltr'>ipsius</span> <span class='ocrx_word' id='word_1_65' title='bbox 1204 919 1472 961; x_wconf 88' lang='lat' dir='ltr'>auctoritas</span> <span class='ocrx_word' id='word_1_66' title='bbox 1515 923 1659 962; x_wconf 88' lang='lat' dir='ltr'>tanta</span> <span class='ocrx_word' id='word_1_67' title='bbox 1701 917 1810 972; x_wconf 82' lang='lat' dir='ltr'>fuit,</span> 
     </span>
     <span class='ocr_line' id='line_1_11' title="bbox 344 988 1811 1051; baseline 0.002 -17"><span class='ocrx_word' id='word_1_68' title='bbox 344 996 398 1034; x_wconf 90' lang='lat' dir='ltr'>ut</span> <span class='ocrx_word' id='word_1_69' title='bbox 423 989 643 1035; x_wconf 86' lang='lat' dir='ltr'>diviserit</span> <span class='ocrx_word' id='word_1_70' title='bbox 673 992 917 1050; x_wconf 87' lang='lat' dir='ltr'>picturam</span> <span class='ocrx_word' id='word_1_71' title='bbox 937 988 982 1034; x_wconf 84' lang='lat' dir='ltr'>l:</span> <span class='ocrx_word' id='word_1_72' title='bbox 1030 1005 1233 1051; x_wconf 84' lang='lat' dir='ltr'>genera,</span> <span class='ocrx_word' id='word_1_73' title='bbox 1265 1005 1393 1051; x_wconf 89' lang='lat' dir='ltr'>quae</span> <span class='ocrx_word' id='word_1_74' title='bbox 1425 996 1542 1035; x_wconf 85' lang='lat' dir='ltr'>ante</span> <span class='ocrx_word' id='word_1_75' title='bbox 1574 1006 1688 1035; x_wconf 90' lang='lat' dir='ltr'>eum</span> <span class='ocrx_word' id='word_1_76' title='bbox 1713 990 1811 1038; x_wconf 89' lang='lat' dir='ltr'>duo</span> 
     </span>
     <span class='ocr_line' id='line_1_12' title="bbox 342 1061 1810 1124; baseline 0.001 -17"><span class='ocrx_word' id='word_1_77' title='bbox 342 1061 859 1108; x_wconf 84' lang='lat' dir='ltr'>fuere—Helladicum</span> <span class='ocrx_word' id='word_1_78' title='bbox 923 1069 973 1107; x_wconf 93' lang='lat' dir='ltr'>et</span> <span class='ocrx_word' id='word_1_79' title='bbox 1036 1062 1350 1108; x_wconf 83' lang='lat' dir='ltr'>Asiaticum2</span> <span class='ocrx_word' id='word_1_80' title='bbox 1411 1063 1810 1124; x_wconf 84' lang='lat' dir='ltr'>appellabant—‚</span> 
     </span>
     <span class='ocr_line' id='line_1_13' title="bbox 342 1135 1811 1198; baseline 0.002 -18"><span class='ocrx_word' id='word_1_81' title='bbox 342 1143 545 1197; x_wconf 90' lang='lat' dir='ltr'>propter</span> <span class='ocrx_word' id='word_1_82' title='bbox 587 1136 734 1189; x_wconf 88' lang='lat' dir='ltr'>hunc,</span> <span class='ocrx_word' id='word_1_83' title='bbox 771 1139 854 1197; x_wconf 92' lang='lat' dir='ltr'>qui</span> <span class='ocrx_word' id='word_1_84' title='bbox 898 1143 1005 1181; x_wconf 86' lang='lat' dir='ltr'>erat</span> <span class='ocrx_word' id='word_1_85' title='bbox 1049 1135 1320 1198; x_wconf 80' lang='lat' dir='ltr'>Sicyonius,</span> <span class='ocrx_word' id='word_1_86' title='bbox 1358 1136 1511 1182; x_wconf 80' lang='lat' dir='ltr'>diviso</span> <span class='ocrx_word' id='word_1_87' title='bbox 1555 1136 1811 1184; x_wconf 88' lang='lat' dir='ltr'>Helladico</span> 
     </span>
     <span class='ocr_line' id='line_1_14' title="bbox 341 1208 1808 1272; baseline 0.001 -17"><span class='ocrx_word' id='word_1_88' title='bbox 341 1212 435 1255; x_wconf 88' lang='lat' dir='ltr'>tria</span> <span class='ocrx_word' id='word_1_89' title='bbox 501 1208 633 1254; x_wconf 91' lang='lat' dir='ltr'>facta</span> <span class='ocrx_word' id='word_1_90' title='bbox 697 1216 830 1263; x_wconf 87' lang='lat' dir='ltr'>sunt,</span> <span class='ocrx_word' id='word_1_91' title='bbox 899 1209 1136 1263; x_wconf 91' lang='lat' dir='ltr'>Ionicum,</span> <span class='ocrx_word' id='word_1_92' title='bbox 1202 1208 1502 1272; x_wconf 80' lang='lat' dir='ltr'>Sicyonium,</span> <span class='ocrx_word' id='word_1_93' title='bbox 1568 1211 1808 1257; x_wconf 88' lang='lat' dir='ltr'>Atticum.</span> 
     </span>
     <span class='ocr_line' id='line_1_15' title="bbox 259 1281 1811 1345; baseline 0.003 -19"><span class='ocrx_word' id='word_1_94' title='bbox 259 1291 308 1327; x_wconf 80' lang='lat' dir='ltr'>7ss</span> <span class='ocrx_word' id='word_1_95' title='bbox 342 1281 582 1343; x_wconf 88' lang='lat' dir='ltr'>Pamphili</span> <span class='ocrx_word' id='word_1_96' title='bbox 634 1286 864 1345; x_wconf 88' lang='lat' dir='ltr'>cognatio</span> <span class='ocrx_word' id='word_1_97' title='bbox 916 1290 967 1328; x_wconf 92' lang='lat' dir='ltr'>et</span> <span class='ocrx_word' id='word_1_98' title='bbox 1017 1283 1257 1344; x_wconf 90' lang='lat' dir='ltr'>proelium</span> <span class='ocrx_word' id='word_1_99' title='bbox 1308 1283 1369 1329; x_wconf 92' lang='lat' dir='ltr'>ad</span> <span class='ocrx_word' id='word_1_100' title='bbox 1421 1281 1705 1329; x_wconf 90' lang='lat' dir='ltr'>Phliuntem</span> <span class='ocrx_word' id='word_1_101' title='bbox 1755 1301 1811 1331; x_wconf 89' lang='lat' dir='ltr'>ac</span> 
     </span>
     <span class='ocr_line' id='line_1_16' title="bbox 344 1356 1810 1419; baseline 0.003 -19"><span class='ocrx_word' id='word_1_102' title='bbox 344 1359 544 1401; x_wconf 85' lang='lat' dir='ltr'>victoria</span> <span class='ocrx_word' id='word_1_103' title='bbox 591 1356 989 1410; x_wconf 83' lang='lat' dir='ltr'>Atheniensium,</span> <span class='ocrx_word' id='word_1_104' title='bbox 1035 1359 1155 1401; x_wconf 91' lang='lat' dir='ltr'>item</span> <span class='ocrx_word' id='word_1_105' title='bbox 1203 1356 1376 1402; x_wconf 84' lang='lat' dir='ltr'>Ulixes</span> <span class='ocrx_word' id='word_1_106' title='bbox 1421 1359 1469 1401; x_wconf 92' lang='lat' dir='ltr'>in</span> <span class='ocrx_word' id='word_1_107' title='bbox 1515 1364 1637 1403; x_wconf 88' lang='lat' dir='ltr'>rate.</span> <span class='ocrx_word' id='word_1_108' title='bbox 1706 1361 1810 1419; x_wconf 87' lang='lat' dir='ltr'>ipse</span> 
     </span>
     <span class='ocr_line' id='line_1_17' title="bbox 344 1429 1810 1492; baseline 0.002 -18"><span class='ocrx_word' id='word_1_109' title='bbox 344 1429 557 1475; x_wconf 89' lang='lat' dir='ltr'>Macedo</span> <span class='ocrx_word' id='word_1_110' title='bbox 583 1433 802 1484; x_wconf 85' lang='lat' dir='ltr'>natione,</span> <span class='ocrx_word' id='word_1_111' title='bbox 828 1430 914 1475; x_wconf 89' lang='lat' dir='ltr'>sed</span> <span class='ocrx_word' id='word_1_112' title='bbox 944 1467 952 1475; x_wconf 89' lang='lat'><strong><em>.</em></strong></span> <span class='ocrx_word' id='word_1_113' title='bbox 985 1467 993 1475; x_wconf 96' lang='lat'><strong>.</strong></span> <span class='ocrx_word' id='word_1_114' title='bbox 1025 1430 1057 1474; x_wconf 84' lang='lat'>.3</span> <span class='ocrx_word' id='word_1_115' title='bbox 1083 1433 1267 1491; x_wconf 88' lang='lat' dir='ltr'>primus</span> <span class='ocrx_word' id='word_1_116' title='bbox 1293 1433 1342 1475; x_wconf 89' lang='lat' dir='ltr'>in</span> <span class='ocrx_word' id='word_1_117' title='bbox 1368 1433 1559 1492; x_wconf 89' lang='lat' dir='ltr'>pictura</span> <span class='ocrx_word' id='word_1_118' title='bbox 1585 1432 1810 1477; x_wconf 91' lang='lat' dir='ltr'>omnibus</span> 
     </span>
     <span class='ocr_line' id='line_1_18' title="bbox 342 1502 1811 1566; baseline 0.002 -19"><span class='ocrx_word' id='word_1_119' title='bbox 342 1502 518 1548; x_wconf 89' lang='lat' dir='ltr'>litteris</span> <span class='ocrx_word' id='word_1_120' title='bbox 545 1504 786 1557; x_wconf 89' lang='lat' dir='ltr'>eruditus,</span> <span class='ocrx_word' id='word_1_121' title='bbox 811 1506 1076 1565; x_wconf 88' lang='lat' dir='ltr'>praecipue</span> <span class='ocrx_word' id='word_1_122' title='bbox 1103 1502 1416 1549; x_wconf 89' lang='lat' dir='ltr'>arithmetica</span> <span class='ocrx_word' id='word_1_123' title='bbox 1443 1511 1494 1549; x_wconf 93' lang='lat' dir='ltr'>et</span> <span class='ocrx_word' id='word_1_124' title='bbox 1519 1508 1811 1566; x_wconf 86' lang='lat' dir='ltr'>geometria,</span> 
     </span>
     <span class='ocr_line' id='line_1_19' title="bbox 342 1577 1810 1639; baseline 0.002 -18"><span class='ocrx_word' id='word_1_125' title='bbox 342 1579 445 1621; x_wconf 86' lang='lat' dir='ltr'>sine</span> <span class='ocrx_word' id='word_1_126' title='bbox 498 1577 676 1637; x_wconf 90' lang='lat' dir='ltr'>quibus</span> <span class='ocrx_word' id='word_1_127' title='bbox 728 1578 947 1639; x_wconf 88' lang='lat' dir='ltr'>negabat</span> <span class='ocrx_word' id='word_1_128' title='bbox 1000 1584 1158 1622; x_wconf 90' lang='lat' dir='ltr'>artem</span> <span class='ocrx_word' id='word_1_129' title='bbox 1212 1577 1379 1638; x_wconf 87' lang='lat' dir='ltr'>perfici</span> <span class='ocrx_word' id='word_1_130' title='bbox 1431 1593 1591 1639; x_wconf 88' lang='lat' dir='ltr'>posse,</span> <span class='ocrx_word' id='word_1_131' title='bbox 1643 1578 1810 1624; x_wconf 91' lang='lat' dir='ltr'>docuit</span> 
     </span>
     <span class='ocr_line' id='line_1_20' title="bbox 342 1649 1809 1713; baseline 0.002 -19"><span class='ocrx_word' id='word_1_132' title='bbox 342 1652 590 1694; x_wconf 89' lang='lat' dir='ltr'>neminem</span> <span class='ocrx_word' id='word_1_133' title='bbox 640 1649 831 1695; x_wconf 85' lang='lat' dir='ltr'>talento</span> <span class='ocrx_word' id='word_1_134' title='bbox 880 1653 1320 1696; x_wconf 84' lang='lat' dir='ltr'>minoris—annuis</span> <span class='ocrx_word' id='word_1_135' title='bbox 1371 1652 1408 1697; x_wconf 66' lang='grc' dir='ltr'>Χ</span> <span class='ocrx_word' id='word_1_136' title='bbox 1460 1651 1615 1705; x_wconf 78' lang='lat' dir='ltr'><strong>D4—,</strong></span> <span class='ocrx_word' id='word_1_137' title='bbox 1661 1668 1809 1713; x_wconf 90' lang='lat' dir='ltr'>quam</span> 
     </span>
     <span class='ocr_line' id='line_1_21' title="bbox 341 1723 1807 1784; baseline 0.002 -17"><span class='ocrx_word' id='word_1_138' title='bbox 341 1723 622 1768; x_wconf 87' lang='lat' dir='ltr'>mercedem</span> <span class='ocrx_word' id='word_1_139' title='bbox 677 1731 729 1768; x_wconf 90' lang='lat' dir='ltr'>at</span> <span class='ocrx_word' id='word_1_140' title='bbox 783 1723 984 1784; x_wconf 89' lang='lat' dir='ltr'>Apelles</span> <span class='ocrx_word' id='word_1_141' title='bbox 1039 1730 1091 1769; x_wconf 93' lang='lat' dir='ltr'>et</span> <span class='ocrx_word' id='word_1_142' title='bbox 1147 1723 1455 1769; x_wconf 89' lang='lat' dir='ltr'>Melanthius</span> <span class='ocrx_word' id='word_1_143' title='bbox 1509 1724 1693 1770; x_wconf 89' lang='lat' dir='ltr'>dedere</span> <span class='ocrx_word' id='word_1_144' title='bbox 1748 1728 1807 1771; x_wconf 92' lang='lat' dir='ltr'>ei.</span> 
     </span>
     <span class='ocr_line' id='line_1_22' title="bbox 262 1795 1809 1860; baseline 0.002 -20"><span class='ocrx_word' id='word_1_145' title='bbox 262 1804 305 1840; x_wconf 82' lang='lat'>77</span> <span class='ocrx_word' id='word_1_146' title='bbox 340 1795 482 1841; x_wconf 88' lang='lat' dir='ltr'>huius</span> <span class='ocrx_word' id='word_1_147' title='bbox 539 1800 838 1842; x_wconf 87' lang='lat' dir='ltr'>auctoritate</span> <span class='ocrx_word' id='word_1_148' title='bbox 895 1796 1126 1843; x_wconf 87' lang='lat' dir='ltr'>effectum</span> <span class='ocrx_word' id='word_1_149' title='bbox 1184 1804 1260 1843; x_wconf 91' lang='lat' dir='ltr'>est</span> <span class='ocrx_word' id='word_1_150' title='bbox 1315 1797 1524 1860; x_wconf 87' lang='lat' dir='ltr'>Sicyone</span> <span class='ocrx_word' id='word_1_151' title='bbox 1580 1801 1809 1859; x_wconf 89' lang='lat' dir='ltr'>primum,</span> 
     </span>
     <span class='ocr_line' id='line_1_23' title="bbox 341 1869 1809 1934; baseline 0.002 -20"><span class='ocrx_word' id='word_1_152' title='bbox 341 1869 521 1915; x_wconf 89' lang='lat' dir='ltr'>deinde</span> <span class='ocrx_word' id='word_1_153' title='bbox 564 1873 612 1915; x_wconf 92' lang='lat' dir='ltr'>in</span> <span class='ocrx_word' id='word_1_154' title='bbox 654 1877 763 1916; x_wconf 90' lang='lat' dir='ltr'>tota</span> <span class='ocrx_word' id='word_1_155' title='bbox 806 1870 1031 1926; x_wconf 85' lang='lat' dir='ltr'>Graecia,</span> <span class='ocrx_word' id='word_1_156' title='bbox 1075 1877 1129 1916; x_wconf 88' lang='lat' dir='ltr'>ut</span> <span class='ocrx_word' id='word_1_157' title='bbox 1171 1873 1308 1933; x_wconf 91' lang='lat' dir='ltr'>pueri</span> <span class='ocrx_word' id='word_1_158' title='bbox 1344 1873 1546 1934; x_wconf 91' lang='lat' dir='ltr'>ingenui</span> <span class='ocrx_word' id='word_1_159' title='bbox 1580 1874 1809 1917; x_wconf 87' lang='lat' dir='ltr'>omissam</span> 
     </span>
    </p>
   </div>
   <div class='ocr_carea' id='block_1_3' title="bbox 348 1996 1805 2314">
    <p class='ocr_par' dir='ltr' id='par_1_3' title="bbox 348 1996 1805 2099">
     <span class='ocr_line' id='line_1_24' title="bbox 407 1996 1805 2048; baseline 0.002 -14"><span class='ocrx_word' id='word_1_160' title='bbox 407 1996 419 2018; x_wconf 80' lang='lat'>¹</span> <span class='ocrx_word' id='word_1_161' title='bbox 450 1997 660 2047; x_wconf 80' lang='lat' dir='ltr'>picturam</span> <span class='ocrx_word' id='word_1_162' title='bbox 695 1996 911 2047; x_wconf 72' lang='lat' dir='ltr'>Maylzoff:</span> <span class='ocrx_word' id='word_1_163' title='bbox 965 1997 1175 2048; x_wconf 85' lang='lat' dir='ltr'>picturam</span> <span class='ocrx_word' id='word_1_164' title='bbox 1208 1998 1250 2036; x_wconf 92' lang='lat' dir='ltr'>in</span> <span class='ocrx_word' id='word_1_165' title='bbox 1282 1997 1367 2036; x_wconf 80' lang='lat' dir='ltr'>cdd.</span> <span class='ocrx_word' id='word_1_166' title='bbox 1404 2001 1506 2046; x_wconf 86' lang='lat' dir='ltr'>(-ras</span> <span class='ocrx_word' id='word_1_167' title='bbox 1539 1999 1579 2036; x_wconf 90' lang='lat' dir='ltr'>in</span> <span class='ocrx_word' id='word_1_168' title='bbox 1613 1998 1672 2037; x_wconf 75' lang='lat' dir='ltr'>cd.</span> <span class='ocrx_word' id='word_1_169' title='bbox 1706 1998 1805 2037; x_wconf 87' lang='lat' dir='ltr'>Par.</span> 
     </span>
     <span class='ocr_line' id='line_1_25' title="bbox 348 2050 1028 2099; baseline 0.004 -13"><span class='ocrx_word' id='word_1_170' title='bbox 348 2051 449 2088; x_wconf 77' lang='lat'>6801</span> <span class='ocrx_word' id='word_1_171' title='bbox 471 2065 479 2089; x_wconf 73' lang='grc' dir='ltr'><strong>ε</strong></span> <span class='ocrx_word' id='word_1_172' title='bbox 524 2063 564 2088; x_wconf 81' lang='lat' dir='ltr'>-a</span> <span class='ocrx_word' id='word_1_173' title='bbox 587 2050 629 2088; x_wconf 89' lang='lat' dir='ltr'>in</span> <span class='ocrx_word' id='word_1_174' title='bbox 651 2050 710 2088; x_wconf 81' lang='lat' dir='ltr'>cd.</span> <span class='ocrx_word' id='word_1_175' title='bbox 737 2050 848 2089; x_wconf 77' lang='lat' dir='ltr'>Leid.</span> <span class='ocrx_word' id='word_1_176' title='bbox 885 2051 1028 2099; x_wconf 49' lang='lat' dir='ltr'>Voss).</span> 
     </span>
    </p>

    <p class='ocr_par' dir='ltr' id='par_1_4' title="bbox 351 2103 1805 2206">
     <span class='ocr_line' id='line_1_26' title="bbox 405 2103 1805 2154; baseline 0.001 -13"><span class='ocrx_word' id='word_1_177' title='bbox 405 2103 419 2126; x_wconf 90' lang='lat'><strong>²</strong></span> <span class='ocrx_word' id='word_1_178' title='bbox 449 2103 673 2142; x_wconf 82' lang='lat' dir='ltr'>asiaticum</span> <span class='ocrx_word' id='word_1_179' title='bbox 706 2103 768 2142; x_wconf 90' lang='lat' dir='ltr'>B:</span> <span class='ocrx_word' id='word_1_180' title='bbox 819 2104 1012 2142; x_wconf 83' lang='lat' dir='ltr'>asianum</span> <span class='ocrx_word' id='word_1_181' title='bbox 1045 2103 1161 2143; x_wconf 80' lang='lat' dir='ltr'>B¹?:</span> <span class='ocrx_word' id='word_1_182' title='bbox 1212 2104 1407 2143; x_wconf 80' lang='lat' dir='ltr'>asiticum</span> <span class='ocrx_word' id='word_1_183' title='bbox 1440 2103 1553 2154; x_wconf 91' lang='lat' dir='ltr'>quod</span> <span class='ocrx_word' id='word_1_184' title='bbox 1585 2105 1805 2144; x_wconf 84' lang='lat' dir='ltr'>asiaticum</span> 
     </span>
     <span class='ocr_line' id='line_1_27' title="bbox 351 2156 1027 2206; baseline 0.004 -13"><span class='ocrx_word' id='word_1_185' title='bbox 351 2157 430 2194; x_wconf 78' lang='lat' dir='ltr'>rell.</span> <span class='ocrx_word' id='word_1_186' title='bbox 452 2172 459 2195; x_wconf 76' lang='grc' dir='ltr'>ε</span> <span class='ocrx_word' id='word_1_187' title='bbox 505 2156 619 2206; x_wconf 92' lang='lat' dir='ltr'>quod</span> <span class='ocrx_word' id='word_1_188' title='bbox 645 2157 867 2196; x_wconf 79' lang='lat' dir='ltr'>asiaticum</span> <span class='ocrx_word' id='word_1_189' title='bbox 895 2158 1027 2196; x_wconf 79' lang='lat' dir='ltr'>Gelen.</span> 
     </span>
    </p>

    <p class='ocr_par' dir='ltr' id='par_1_5' title="bbox 402 2209 750 2260">
     <span class='ocr_line' id='line_1_28' title="bbox 402 2209 750 2260; baseline 0 -12"><span class='ocrx_word' id='word_1_190' title='bbox 402 2210 417 2233; x_wconf 82' lang='lat'>⁸</span> <span class='ocrx_word' id='word_1_191' title='bbox 447 2210 520 2249; x_wconf 84' lang='lat' dir='ltr'>lac.</span> <span class='ocrx_word' id='word_1_192' title='bbox 548 2209 750 2260; x_wconf 77' lang='lat' dir='ltr'>Mayhoff.</span> 
     </span>
    </p>

    <p class='ocr_par' dir='ltr' id='par_1_6' title="bbox 403 2262 1730 2314">
     <span class='ocr_line' id='line_1_29' title="bbox 403 2262 1730 2314; baseline 0.002 -12"><span class='ocrx_word' id='word_1_193' title='bbox 403 2264 417 2286; x_wconf 83' lang='lat'>⁴¹</span> <span class='ocrx_word' id='word_1_194' title='bbox 450 2267 488 2313; x_wconf 65' lang='grc' dir='ltr'>Χ</span> <span class='ocrx_word' id='word_1_195' title='bbox 518 2275 546 2302; x_wconf 91' lang='lat' dir='ltr'>D</span> <span class='ocrx_word' id='word_1_196' title='bbox 574 2263 624 2309; x_wconf 89' lang='lat' dir='ltr'>B,</span> <span class='ocrx_word' id='word_1_197' title='bbox 651 2263 710 2302; x_wconf 81' lang='lat' dir='ltr'>cd.</span> <span class='ocrx_word' id='word_1_198' title='bbox 737 2263 850 2302; x_wconf 71' lang='lat' dir='ltr'>Laid.</span> <span class='ocrx_word' id='word_1_199' title='bbox 887 2263 1027 2303; x_wconf 50' lang='lat' dir='ltr'>Voss:</span> <span class='ocrx_word' id='word_1_200' title='bbox 1072 2275 1101 2303; x_wconf 88' lang='lat' dir='ltr'>D</span> <span class='ocrx_word' id='word_1_201' title='bbox 1128 2263 1211 2302; x_wconf 84' lang='lat' dir='ltr'>rell.</span> <span class='ocrx_word' id='word_1_202' title='bbox 1239 2266 1334 2314; x_wconf 86' lang='lat' dir='ltr'>(om.</span> <span class='ocrx_word' id='word_1_203' title='bbox 1361 2262 1420 2303; x_wconf 81' lang='lat' dir='ltr'>cd.</span> <span class='ocrx_word' id='word_1_204' title='bbox 1447 2263 1558 2304; x_wconf 84' lang='lat' dir='ltr'>Flor.</span> <span class='ocrx_word' id='word_1_205' title='bbox 1585 2264 1730 2314; x_wconf 82' lang='lat' dir='ltr'>Ricc.).</span> 
     </span>
    </p>
   </div>
   <div class='ocr_carea' id='block_1_4' title="bbox 334 2410 1804 2570">
    <p class='ocr_par' dir='ltr' id='par_1_7' title="bbox 334 2410 1804 2570">
     <span class='ocr_line' id='line_1_30' title="bbox 393 2410 1660 2463; baseline 0.002 -15"><span class='ocrx_word' id='word_1_206' title='bbox 393 2416 410 2434; x_wconf 81' lang='lat'>‘²</span> <span class='ocrx_word' id='word_1_207' title='bbox 439 2410 527 2449; x_wconf 89' lang='lat' dir='ltr'>The</span> <span class='ocrx_word' id='word_1_208' title='bbox 548 2411 683 2457; x_wconf 87' lang='lat' dir='ltr'>elder;</span> <span class='ocrx_word' id='word_1_209' title='bbox 714 2412 766 2451; x_wconf 89' lang='lat' dir='ltr'>cf.</span> <span class='ocrx_word' id='word_1_210' title='bbox 789 2411 832 2461; x_wconf 56' lang='grc' dir='ltr'>ἐξ</span> <span class='ocrx_word' id='word_1_211' title='bbox 859 2413 946 2457; x_wconf 88' lang='grc'><strong>108,</strong></span> <span class='ocrx_word' id='word_1_212' title='bbox 973 2414 1044 2451; x_wconf 94' lang='grc'>111</span> <span class='ocrx_word' id='word_1_213' title='bbox 1068 2411 1154 2450; x_wconf 85' lang='lat' dir='ltr'>and</span> <span class='ocrx_word' id='word_1_214' title='bbox 1175 2416 1275 2451; x_wconf 80' lang='lat' dir='ltr'>note</span> <span class='ocrx_word' id='word_1_215' title='bbox 1295 2424 1350 2450; x_wconf 91' lang='lat' dir='ltr'>on</span> <span class='ocrx_word' id='word_1_216' title='bbox 1371 2424 1441 2463; x_wconf 92' lang='lat' dir='ltr'>pp.</span> <span class='ocrx_word' id='word_1_217' title='bbox 1464 2413 1660 2451; x_wconf 87' lang='lat'>410-411.</span> 
     </span>
     <span class='ocr_line' id='line_1_31' title="bbox 397 2464 1802 2517; baseline 0.002 -14"><span class='ocrx_word' id='word_1_218' title='bbox 397 2464 411 2488; x_wconf 58' lang='grc' dir='ltr'>δ</span> <span class='ocrx_word' id='word_1_219' title='bbox 442 2465 633 2516; x_wconf 86' lang='lat' dir='ltr'>Possibly</span> <span class='ocrx_word' id='word_1_220' title='bbox 653 2465 725 2504; x_wconf 89' lang='lat' dir='ltr'>the</span> <span class='ocrx_word' id='word_1_221' title='bbox 743 2472 918 2516; x_wconf 84' lang='lat' dir='ltr'>capture</span> <span class='ocrx_word' id='word_1_222' title='bbox 935 2465 983 2504; x_wconf 86' lang='lat' dir='ltr'>os</span> <span class='ocrx_word' id='word_1_223' title='bbox 1002 2465 1147 2504; x_wconf 81' lang='lat' dir='ltr'>Phlius</span> <span class='ocrx_word' id='word_1_224' title='bbox 1172 2466 1228 2517; x_wconf 90' lang='lat' dir='ltr'>by</span> <span class='ocrx_word' id='word_1_225' title='bbox 1252 2466 1324 2504; x_wconf 80' lang='lat' dir='ltr'>the</span> <span class='ocrx_word' id='word_1_226' title='bbox 1342 2465 1547 2517; x_wconf 82' lang='lat' dir='ltr'>Spartans</span> <span class='ocrx_word' id='word_1_227' title='bbox 1564 2467 1606 2505; x_wconf 93' lang='lat' dir='ltr'>in</span> <span class='ocrx_word' id='word_1_228' title='bbox 1625 2468 1704 2506; x_wconf 87' lang='grc'>379</span> <span class='ocrx_word' id='word_1_229' title='bbox 1723 2478 1802 2506; x_wconf 86' lang='lat' dir='ltr'>B.c.</span> 
     </span>
     <span class='ocr_line' id='line_1_32' title="bbox 334 2518 1804 2570; baseline 0.002 -14"><span class='ocrx_word' id='word_1_230' title='bbox 334 2518 418 2557; x_wconf 91' lang='lat' dir='ltr'>and</span> <span class='ocrx_word' id='word_1_231' title='bbox 443 2518 515 2556; x_wconf 83' lang='lat' dir='ltr'>the</span> <span class='ocrx_word' id='word_1_232' title='bbox 539 2519 795 2569; x_wconf 81' lang='lat' dir='ltr'>sea-victory</span> <span class='ocrx_word' id='word_1_233' title='bbox 820 2519 868 2557; x_wconf 88' lang='lat' dir='ltr'>of</span> <span class='ocrx_word' id='word_1_234' title='bbox 887 2518 1049 2557; x_wconf 85' lang='lat' dir='ltr'>Athens</span> <span class='ocrx_word' id='word_1_235' title='bbox 1073 2532 1173 2557; x_wconf 88' lang='lat' dir='ltr'>over</span> <span class='ocrx_word' id='word_1_236' title='bbox 1202 2519 1274 2558; x_wconf 83' lang='lat' dir='ltr'>the</span> <span class='ocrx_word' id='word_1_237' title='bbox 1297 2518 1503 2570; x_wconf 79' lang='lat' dir='ltr'>Spartans</span> <span class='ocrx_word' id='word_1_238' title='bbox 1526 2525 1572 2558; x_wconf 79' lang='lat' dir='ltr'>at</span> <span class='ocrx_word' id='word_1_239' title='bbox 1596 2519 1741 2559; x_wconf 79' lang='lat' dir='ltr'>Naxos</span> <span class='ocrx_word' id='word_1_240' title='bbox 1763 2521 1804 2559; x_wconf 88' lang='lat' dir='ltr'>in</span> 
     </span>
    </p>
   </div>
   <div class='ocr_carea' id='block_1_5' title="bbox 338 2595 424 2654">
    <p class='ocr_par' dir='ltr' id='par_1_8' title="bbox 338 2595 424 2654">
     <span class='ocr_line' id='line_1_33' title="bbox 338 2595 424 2654; baseline 0.012 -16"><span class='ocrx_word' id='word_1_241' title='bbox 338 2595 424 2654; x_wconf 85' lang='lat'>316</span> 
     </span>
    </p>
   </div>
  </div>
 </body>
</html>
