1899 3015
575 211 815 256 PLINY:
875 210 1201 256 NATURAL
1244 210 1538 257 HISTORY

322 338 572 385 oculorum
609 346 662 383 et
697 338 954 400 albugines
990 337 1317 401 Babylonium
1353 339 1523 384 efficax
1559 338 1788 393 traditur,

323 409 443 450 item
504 405 566 450 ad
626 405 802 466 lepras,
864 404 1078 450 lichenas
1138 408 1455 466 pruritusque
1514 422 1786 467 corporum.

323 472 543 517 inlinitur
595 479 646 517 et
698 471 942 533 podagris.
1012 475 1175 516 omnia
1228 478 1398 517 autem
1450 475 1554 517 eius
1604 488 1790 534 genera

322 538 655 584 incommodos
725 538 974 583 oculorum
1045 538 1166 599 pilos
1236 538 1493 599 replicant,
1563 539 1790 584 dentium

214 612 284 650 181
322 605 570 651 doloribus
638 605 903 650 medentur
969 604 1111 650 simul
1180 607 1309 650 nitro
1375 608 1561 650 intrito.
1630 605 1816 651 lenitl.

323 675 496 717 tussim
523 678 745 716 veterem
774 678 825 716 et
851 670 1098 716 anhelitus
1123 687 1235 716 cum
1262 674 1373 717 vino
1399 679 1601 733 potum3
1626 671 1790 734 dysin-

324 741 487 784 tericis
531 741 681 783 etiam
730 738 878 783 datur
921 737 1097 783 codem
1139 738 1287 784 modo
1333 741 1562 800 sistitque
1609 738 1787 784 alvum.

322 822 433 850 cum
460 812 601 850 aceto
625 821 741 850 vero
765 812 938 866 potum
963 805 1166 850 discutit
1189 812 1475 850 concretum
1499 808 1789 867 sanguinem

325 888 379 917 ac
403 871 637 917 detrahit.
707 874 907 933 mitigat
930 871 1209 916 lumborum
1233 871 1442 926 dolores,
1466 875 1588 917 item
1613 875 1788 918 articu-

324 938 498 992 lorum,
532 955 643 983 cum
679 937 837 983 farina
869 937 1132 983 hordeacia
1165 941 1433 999 inpositum
1469 938 1789 1000 emplastrum

324 1005 570 1066 peculiare
610 1004 728 1050 facit
768 1021 855 1050 suo
894 1008 1107 1050 nomine.
1176 1008 1468 1067 sanguinem
1508 1008 1653 1060 sistit,
1693 1005 1791 1052 vol-

324 1088 441 1117 nera
492 1071 693 1132 colligit,
743 1072 961 1133 glutinat
1010 1087 1198 1116 nervos.
1268 1078 1478 1117 utuntur
1527 1075 1678 1117 etiam
1728 1071 1791 1118 ad

324 1145 591 1200 quartanas
650 1139 905 1183 bituminis
965 1137 1200 1183 drachma
1259 1145 1312 1184 et
1369 1137 1627 1202 hedyosmi
1686 1142 1790 1200 pari

221 1211 291 1249 182
323 1205 542 1267 pondere
605 1221 717 1250 cum
780 1221 975 1250 murrae
1038 1205 1182 1250 obolo
1245 1205 1450 1250 subacti.
1520 1205 1790 1251 comitiales

323 1272 518 1317 morbos
549 1278 715 1317 ustum
745 1271 1024 1333 deprendit.
1094 1271 1345 1317 volvarum
1374 1272 1790 1334 strangulationes

324 1338 508 1384 olfactu
551 1338 753 1384 discutit
795 1355 906 1384 cum
950 1341 1060 1384 vino
1103 1345 1155 1384 et
1196 1345 1436 1392 castoreo,
1478 1339 1790 1400 procidentes

324 1406 487 1450 suffitu
545 1408 786 1466 reprimit,
844 1408 1163 1467 purgationes
1221 1404 1517 1450 feminarum
1574 1408 1623 1451 in
1679 1408 1791 1452 vino

326 1479 498 1533 potum
546 1471 692 1517 elicit.
761 1475 810 1516 in
856 1471 1045 1533 reliquo
1091 1489 1181 1517 usu
1228 1475 1526 1518 aeramentis
1572 1472 1792 1518 inlinitur

325 1539 587 1600 firmatque
611 1555 670 1583 ea
690 1546 861 1584 contra
881 1542 1035 1599 ignes.
1105 1539 1317 1584 diximus
1340 1546 1392 1584 et
1412 1541 1572 1601 tingui
1593 1538 1791 1585 solitum

325 1621 406 1650 aes
440 1622 497 1650 eo
529 1612 821 1667 statuasque
853 1605 1004 1650 inlini.
1073 1605 1215 1651 calcis
1248 1621 1445 1667 quoque
1477 1623 1620 1651 usum
1650 1621 1791 1667 prae-

323 1673 432 1717 buit
484 1675 554 1717 ita
612 1671 922 1717 feruminatis
975 1671 1240 1734 Babylonis
1292 1675 1458 1718 muris.
1526 1672 1691 1734 placet
1741 1675 1790 1718 in

324 1738 535 1783 ferrariis
568 1738 817 1784 fabrorum
848 1739 1048 1784 officinis
1079 1739 1354 1801 tinguendo
1385 1738 1514 1785 ferro
1543 1739 1789 1785 clavorum

324 1806 567 1867 capitibus
600 1813 651 1851 et
683 1805 850 1851 multis
883 1805 986 1851 aliis
1019 1806 1200 1851 usibus.

215 1877 291 1916 183
391 1872 499 1917 LII.
539 1872 642 1917 Nec
680 1875 838 1918 minor
878 1879 953 1917 est
993 1879 1079 1918 aut
1119 1872 1243 1918 adeo
1283 1871 1526 1918 dissimilis
1566 1871 1791 1918 aluminis

324 1954 491 2000 opera,
537 1939 669 2000 quod
714 1939 1023 2001 intellegitur
1067 1939 1262 2002 salsugo
1307 1945 1486 1985 terrae.
1554 1939 1694 2001 plura
1739 1946 1792 1985 et

387 2086 401 2108 ¹
432 2086 594 2124 intrito.
625 2086 728 2125 lenit
757 2086 952 2136 Mapshoff
974 2086 1060 2125 coll.
1091 2086 1258 2125 Dima:
1304 2085 1475 2124 inlitum
1504 2086 1660 2135 (Silliq)
1687 2085 1791 2124 lenit

328 2139 557 2190 Detlefsen:
602 2139 748 2179 inlitus
773 2140 836 2179 B:
877 2140 1035 2178 illitum
1060 2145 1130 2179 aut
1152 2140 1259 2178 illini
1283 2145 1354 2178 aut
1377 2139 1496 2178 inlini
1521 2139 1603 2178 rell.

384 2334 401 2352 ‘²
431 2329 601 2368 Several
624 2330 859 2379 astringent
884 2330 1131 2368 substances
1158 2342 1263 2367 were
1288 2328 1485 2367 included
1509 2328 1552 2366 in
1578 2327 1650 2366 the
1675 2327 1790 2367 word

327 2383 504 2428 alumen,
526 2383 764 2433 especially,
787 2384 820 2421 it
841 2396 986 2429 seems,
1008 2383 1258 2421 aluminium
1280 2382 1510 2433 sulphates,
1531 2381 1728 2433 sulphate
1747 2381 1796 2420 of

329 2437 431 2480 iron,
462 2437 546 2474 and
576 2449 772 2474 common
802 2436 1112 2487 potash-alum;
1156 2436 1243 2474 also
1273 2436 1461 2481 kalinite,
1492 2434 1577 2473 and
1609 2434 1791 2486 perhaps

328 2489 414 2527 also
452 2490 609 2528 certain
646 2489 936 2528 halotrichites
973 2490 1045 2536 (K.
1076 2489 1120 2528 C.
1151 2489 1313 2539 Bailcy,
1353 2488 1435 2528 The
1471 2487 1593 2527 Elder
1627 2487 1792 2538 Pliny’s

329 2542 523 2592 Chapters
542 2556 594 2582 on
615 2543 819 2583 Chemical
839 2543 1033 2596 Subjcctffi
1055 2543 1113 2589 II,
1136 2556 1176 2594 p.
1198 2544 1309 2591 233).

323 2640 410 2684 394
