1899 3015
547 217 789 263 PLINY:
845 215 1173 262 NATURAL
1215 213 1506 261 HISTORY

293 347 686 399 subministrant,
721 344 847 390 aliae
882 343 1056 405 fragile
1093 351 1145 389 et
1179 358 1404 388 aerosum
1438 349 1759 405 rotarumque

295 427 460 472 usibus
497 433 548 471 et
582 425 728 471 clavis
765 427 980 469 maxime
1015 422 1324 485 fugiendum,
1358 425 1435 468 cui
1470 425 1600 484 prior
1633 426 1759 469 ratio

296 509 552 559 convenit:
622 505 752 550 aliud
807 505 1053 550 brevitate
1106 502 1241 549 sola¹
1299 503 1462 564 placet
1512 502 1759 565 clavisque

294 586 553 647 caligariis,
578 585 708 630 aliud
735 585 1008 647 robiginem
1033 583 1237 628 celerius
1262 586 1429 628 sentit.
1499 585 1760 629 stricturae

297 673 532 712 vocantur
571 665 664 710 hae
703 681 890 717 omnes,
929 663 1060 726 quod
1100 680 1195 708 non
1234 666 1283 708 in
1321 662 1424 708 aliis
1463 661 1694 718 metallis,
1733 679 1761 707 a

190 753 262 788 144
295 745 584 808 stringenda
640 748 743 790 acie
798 743 1035 789 vocabulo
1089 746 1314 804 inposito.
1385 749 1437 788 et
1488 741 1760 788 fornacium

296 842 476 888 magna
536 824 814 870 differentia
875 831 966 877 est,
1028 822 1327 884 nucleusque
1387 822 1588 884 quidam
1646 821 1759 869 ferri

298 908 589 967 excoquitur
612 907 660 950 in
685 906 739 949 iis
764 904 826 950 ad
851 903 1176 949 indurandam
1201 906 1374 957 aciem,
1398 902 1592 965 alioque
1615 902 1762 949 modo

297 986 358 1031 ad
394 985 673 1030 densandas
709 984 908 1030 incudes
944 983 1295 1029 malleorumve
1331 990 1502 1028 rostra.
1570 999 1762 1028 summa

297 1073 464 1110 autem
521 1063 798 1110 differentia
853 1067 901 1109 in
955 1079 1101 1125 aqua,
1154 1066 1231 1108 cui
1285 1062 1494 1108 subinde
1546 1063 1762 1109 candens

297 1149 601 1207 inmergitur.
672 1144 793 1190 haec
822 1144 935 1189 alibi
967 1150 1118 1205 atque
1148 1143 1262 1188 alibi
1292 1142 1457 1188 utilior
1484 1142 1763 1189 nobilitavit

299 1225 400 1271 loca
424 1225 576 1287 gloria
601 1224 733 1279 ferri,
757 1227 898 1270 sicuti
924 1222 1135 1268 Bilbilim
1160 1226 1209 1268 in
1235 1223 1475 1284 Hispania
1498 1229 1550 1269 et
1572 1222 1763 1269 Turias—

297 1322 485 1360 sonem,
515 1305 722 1350 Comum
752 1307 800 1350 in
832 1304 994 1359 Italia,
1024 1321 1135 1349 cum
1164 1302 1370 1348 ferraria
1397 1301 1601 1349 metalla
1629 1306 1679 1349 in
1707 1306 1762 1349 iis

190 1392 264 1431 145
299 1385 412 1432 locis
443 1402 541 1431 non
571 1388 683 1431 sint.
755 1401 816 1430 ex
847 1385 1073 1430 omnibus
1105 1390 1275 1429 autem
1305 1383 1568 1446 generibus
1599 1383 1763 1445 palma

298 1465 462 1512 Serico
493 1464 623 1511 ferro
656 1472 759 1519 est3
808 1464 951 1510 Seres
983 1464 1074 1510 hoc
1105 1480 1217 1509 cum
1249 1463 1467 1509 vestibus
1498 1466 1596 1509 suis
1627 1463 1762 1526 pelli—

298 1546 488 1608 busque
547 1549 784 1599 mittunt;
860 1544 1077 1590 secunda
1136 1543 1380 1590 Parthico.
1449 1560 1612 1606 neque
1670 1544 1765 1589 alia

297 1642 483 1689 genera
530 1625 642 1671 ferri
695 1642 754 1671 ex
803 1624 978 1671 mera2
1026 1627 1130 1670 acie
1178 1630 1540 1685 temperantur,
1587 1627 1764 1670 ceteris

300 1709 431 1751 enim
460 1706 759 1751 admiscetur
787 1704 976 1750 mollior
1003 1704 1304 1766 complexus.
1374 1707 1423 1749 in
1450 1711 1618 1750 nostro
1646 1705 1765 1751 orbe

298 1786 447 1832 aliubi
484 1802 610 1831 vena
643 1786 922 1831 bonitatem
958 1784 1085 1831 hanc
1121 1791 1362 1845 praestat,
1385 1791 1444 1830 ut
1479 1787 1528 1830 in
1563 1784 1765 1840 Noricis,

299 1866 449 1911 aliubi
477 1865 686 1920 factura,
714 1873 770 1911 ut
799 1864 1048 1919 Sulmone,
1078 1881 1206 1926 aqua
1235 1864 1384 1910 aliubi
1413 1871 1470 1910 ut
1488 1863 1508 1892 3
1535 1864 1766 1920 diximus,

299 1949 482 2008 quippe
514 1945 663 1992 cum4
698 1945 986 1991 exacuendo
1018 1944 1230 1990 oleariae
1263 1951 1398 1990 cotes
1431 1947 1765 2007 aquariaeque

189 2032 263 2071 146
296 2025 525 2072 differant
552 2033 603 2072 et
628 2025 736 2071 oleo
761 2025 1016 2071 delicatior
1040 2024 1127 2069 fiat
1152 2027 1294 2070 acies.
1363 2026 1591 2070 tenuiora
1615 2023 1764 2070 ferra-

365 2168 375 2189 ¹
410 2168 600 2206 bonitate
621 2167 744 2206 soleis
766 2168 820 2206 K.
845 2167 889 2205 C.
916 2167 1071 2215 Bailegs.

362 2222 376 2244 ²
405 2235 455 2259 ex
478 2234 591 2259 mera
613 2221 676 2259 B:
715 2234 766 2259 ex
788 2221 892 2258 mira
915 2221 997 2258 rell.
1026 2224 1093 2269 (ex
1122 2219 1253 2258 nimia
1278 2219 1337 2259 cd.
1371 2218 1492 2259 Vind.
1519 2224 1762 2269 ccxxx1v):

304 2275 458 2313 eximia
479 2275 564 2313 edd.
590 2281 679 2313 vett.

360 2329 374 2351 ³
404 2329 532 2366 aliubi
559 2334 607 2366 ut
638 2328 941 2377 ll'arminyton:
987 2327 1047 2364 uti
1073 2325 1158 2365 edd.
1188 2331 1297 2365 veih:
1334 2325 1420 2365 ubi.

360 2382 375 2405 ‘¹
415 2383 486 2420 I'J.
511 2395 605 2419 cum
628 2382 682 2419 in.

403 2496 421 2514 ⁰
448 2492 537 2530 The
558 2490 759 2534 Chinese;
790 2490 833 2527 in
852 2488 944 2527 fact
963 2489 1299 2527 intermediaries
1320 2501 1391 2528 are
1412 2492 1570 2528 meant.

401 2543 414 2566 ‘³
445 2545 493 2582 In
517 2545 588 2582 the
611 2544 724 2583 MSS.
748 2543 832 2582 this
852 2548 1049 2581 sentence
1069 2555 1209 2581 comes
1229 2543 1339 2581 after
1358 2542 1431 2581 the
1451 2548 1553 2581 next
1573 2555 1662 2581 one.

303 2636 388 2681 232
