1873 3020
531 195 773 240 PLINY:
832 194 1159 240 NATURAL
1201 193 1496 241 HISTORY

282 326 547 384 rumpenti.
617 326 714 368 iam
740 322 965 383 pridem1
995 321 1131 368 facta
1161 322 1431 383 emplastra
1463 329 1516 368 et
1547 322 1746 385 collyria

281 397 582 443 mercantur,
606 390 850 450 tabesque
875 392 1112 434 mercium
1137 396 1225 434 aut
1247 388 1380 435 fraus
1405 387 1656 451 Seplasiae
1679 392 1746 436 sic

281 455 605 502 exhibetur!2

174 528 248 568 109
344 523 411 568 Et
438 538 643 583 squama
673 528 843 566 autem
873 528 925 567 et
952 520 1038 567 flos
1067 528 1277 567 uruntur
1303 524 1353 567 in
1380 525 1562 583 patinis
1591 521 1747 568 fictili-

283 589 373 634 bus
392 596 479 634 aut
496 591 670 642 aereis,
689 588 804 633 dein
821 587 1050 633 lavantur
1066 594 1124 633 ut
1140 604 1287 649 supra
1305 587 1368 634 ad
1387 588 1587 634 eosdem
1605 605 1718 634 usus
1735 603 1746 643 ;

283 671 487 717 squama
509 654 527 683 3
555 661 607 700 et
632 654 840 716 amplius
867 658 1059 699 narium
1079 671 1284 700 carnosa
1303 657 1441 709 vitia,
1460 658 1582 700 item
1601 655 1747 710 sedis,

283 728 334 767 et
358 724 633 783 gravitates
654 724 844 766 aurium
870 737 959 782 per
979 721 1196 766 fistulam
1221 724 1271 766 in
1297 737 1380 766 eas
1407 720 1531 767 flatu
1556 721 1748 783 inpulsa

283 795 336 833 et
380 804 497 833 uvas
541 791 634 833 oris
678 786 838 832 farina
882 787 1085 833 admota
1122 787 1252 833 tollit
1289 794 1342 833 et
1378 787 1597 834 tonsillas
1636 804 1747 834 cum

281 854 443 899 melle.
513 854 569 899 fit
613 870 673 900 ex
717 853 928 899 candido
971 869 1086 899 aere
1128 870 1335 916 squama
1377 853 1523 916 longe
1566 853 1748 916 Cypria

281 921 588 966 inefficacior.
657 936 748 965 nec
795 937 893 965 non
940 923 1081 965 urina
1128 923 1267 981 pueri
1314 923 1447 982 prius
1495 928 1749 968 macerant

281 987 442 1032 clavos
469 1003 724 1048 panesque
752 986 953 1048 quidam
981 990 1230 1032 excussuri
1256 1003 1531 1048 squamam,
1557 994 1749 1034 terunt-

283 1069 378 1115 que
410 1060 461 1098 et
491 1070 618 1115 aqua
647 1053 813 1114 pluvia
841 1053 1025 1098 lavant.
1094 1053 1218 1098 dant
1248 1061 1300 1098 et
1328 1052 1605 1115 hydropicis
1637 1070 1747 1100 eam

281 1119 525 1166 drachmis
552 1135 589 1164 11
614 1123 663 1164 in
688 1119 831 1164 mulsi
856 1119 1055 1165 hemina
1081 1127 1133 1165 et
1156 1119 1370 1165 inlinunt
1393 1137 1505 1166 cum
1529 1119 1725 1181 polline.

175 1190 249 1230 110
346 1185 527 1231 XXVI.
565 1186 829 1248 Aeruginis
854 1202 1050 1248 quoque
1072 1203 1282 1248 magnus
1304 1203 1418 1232 usus
1443 1193 1533 1232 est.
1602 1187 1750 1248 pluri-

281 1252 371 1297 bus
410 1252 466 1297 fit
502 1253 673 1298 modis.
742 1269 959 1314 namque
998 1260 1049 1298 et
1084 1252 1253 1314 lapidi,
1292 1269 1352 1298 ex
1390 1269 1487 1315 quo
1523 1256 1750 1315 coquitur

282 1334 383 1372 aes,
421 1319 694 1373 deraditur,
733 1326 785 1364 et
821 1336 936 1365 aere
973 1319 1184 1365 candido
1221 1318 1474 1380 perforato
1510 1326 1662 1382 atque
1699 1323 1748 1365 in

281 1385 415 1430 cadis
466 1401 703 1446 suspenso
753 1402 900 1447 super
949 1392 1148 1431 acetum
1198 1402 1310 1431 acre
1360 1393 1748 1448 opturatumque

282 1451 527 1513 operculo.
596 1452 754 1497 multo
782 1452 1035 1513 probatior
1064 1459 1157 1506 est,
1185 1455 1225 1498 si
1253 1451 1344 1498 hoc
1373 1453 1505 1498 idem
1533 1456 1748 1515 squamis

282 1518 385 1563 fiat.
454 1518 656 1580 quidam
694 1522 795 1563 visa
832 1522 938 1579 ipsa
974 1519 1169 1564 candidi
1208 1522 1333 1564 aeris
1372 1519 1600 1565 fictilibus
1637 1536 1749 1565 con-

176 1589 245 1626 lll
281 1584 408 1630 dunt
431 1587 480 1629 in
504 1592 702 1630 acetum
726 1585 1009 1646 raduntque
1033 1585 1242 1631 decumo
1266 1585 1361 1631 die.
1430 1585 1511 1630 alii
1535 1589 1748 1632 vinaceis

281 1657 557 1713 contegunt
586 1651 899 1713 totidemque
929 1658 1042 1712 post
1071 1652 1175 1697 dies
1205 1652 1406 1706 radunt,
1436 1651 1516 1697 alii
1546 1652 1748 1698 delima-

281 1724 386 1762 tam
414 1721 539 1763 aeris
567 1718 766 1763 scobem
793 1725 936 1764 aceto
962 1725 1205 1781 spargunt
1232 1725 1532 1781 versantque
1559 1718 1748 1780 spathis

280 1787 476 1845 saepius
535 1784 633 1839 die,
692 1785 849 1830 donec
907 1785 1211 1830 absumatur.
1281 1785 1492 1831 eandem
1550 1785 1747 1832 scobem

341 1890 354 1913 1
386 1889 548 1940 pridem
572 1890 660 1930 edd.
686 1895 776 1930 vett.
797 1906 805 1928 ε
849 1890 1034 1940 quidem.

339 1944 354 1967 ²
384 1943 441 1982 sic
466 1943 691 1982 exhibetur
722 1944 1027 1994 Warminqton:
1071 1944 1128 1982 sic
1154 1944 1364 1983 excitetur
1389 1943 1583 1994 Mayhoff
1603 1945 1691 1994 (qni
1712 1950 1749 1984 et

283 1996 496 2035 excitatur
520 1998 672 2045 coni.):
717 1997 954 2036 exsiccatur
979 1998 1084 2036 coni.
1112 1997 1261 2047 Silliq:
1306 1998 1412 2036 sicce
1437 2002 1611 2036 taxetur
1635 1998 1744 2037 Ian:

283 2050 361 2141 alili
377 2050 490 2142 aliato?
503 2050 585 2140 ?sic
604 2055 825 2089 cexatetur
843 2051 900 2089 B1
920 2066 928 2089 :
965 2051 1071 2089 sicce
1089 2063 1189 2089 sane
1207 2051 1332 2090 duret
1349 2051 1404 2090 Β2
1423 2066 1430 2089 :
1467 2051 1525 2090 sic
1543 2051 1748 2090 exteritur

285 2103 564 2248 νεῖθζςῖἕῐιαωα
594 2156 810 2207 Mayhoff:
861 2169 941 2207 que
970 2156 1029 2195 cd.
1060 2156 1174 2196 Laid.
1213 2157 1343 2203 Voss„
1373 2156 1432 2196 cd.
1462 2157 1573 2197 Flor.
1604 2157 1743 2197 Rica:

284 2222 362 2248 om.
387 2222 426 2248 re
462 2240 469 2247 .

327 2322 345 2339 ‘²
376 2316 445 2363 Or,
467 2317 503 2355 if
518 2330 578 2356 we
594 2317 693 2356 read
714 2317 907 2356 eaeteritur
927 2318 978 2365 (is
996 2317 1161 2368 ground
1181 2320 1290 2367 out),
1312 2318 1321 2333 ‘
1336 2318 1446 2357 finds
1465 2318 1520 2357 its
1540 2331 1634 2370 way
1653 2319 1744 2357 into

272 2370 343 2408 the
367 2374 528 2409 mortar
547 2371 556 2386 ⁹
581 2370 698 2421 (thus
720 2371 775 2409 K.
799 2370 842 2410 C.
868 2370 1050 2422 Bailey).

330 2423 344 2447 ⁶
375 2423 514 2462 Brass.
739 2430 753 2449 ⁶
783 2423 907 2463 Basic
932 2437 1088 2476 copper
1112 2424 1354 2463 carbonate.

324 2474 342 2499 ‘³
373 2477 496 2515 Basic
528 2490 684 2527 copper
715 2481 882 2516 acetate
913 2490 960 2516 or
990 2484 1085 2516 true
1117 2477 1334 2527 verdigris,
1369 2477 1501 2516 which
1535 2477 1636 2517 does
1667 2484 1745 2517 not

273 2543 397 2568 occur
418 2531 460 2568 in
483 2544 507 2568 a
532 2530 699 2568 natural
722 2535 846 2569 state.

278 2606 363 2655 208
