1899 3015
603 169 842 215 PLINY:
901 168 1228 215 NATURAL
1270 167 1561 215 HISTORY

349 296 595 359 quaedam
632 296 906 359 Olympias,
942 296 1004 342 de
1043 312 1140 357 qua
1177 295 1268 341 1100
1304 296 1460 341 solum
1498 302 1815 346 memoratur,

349 370 642 431 discipulum
670 373 773 415 eius
802 369 949 415 fuisse
979 368 1302 415 Autobulum.

238 452 314 490 149
411 443 543 489 XLI.
580 444 831 489 Encausto
891 442 1126 504 pingendi
1187 442 1285 487 duo
1343 442 1482 488 fuere
1542 445 1816 503 antiquitus

347 533 550 579 genera,
596 533 709 562 cera
756 523 807 562 et
848 519 895 561 in
941 517 1089 562 ebore
1131 522 1309 569 cestro,
1352 515 1401 561 id
1443 522 1520 560 est
1561 514 1812 568 vericulo‚¹

347 591 504 636 donec
545 590 722 636 classes
766 592 897 652 pingi
941 605 1164 651 coepere.
1234 588 1325 634 hoc
1366 591 1571 634 tertium
1613 590 1815 634 accessit

349 664 574 710 resolutis
624 666 724 726 igni
774 666 896 709 ceris
946 662 1172 725 penicillo
1217 661 1407 717 utendi,
1453 677 1581 724 quae
1626 664 1815 723 pictura

347 738 551 783 navibus
583 754 674 783 nec
705 736 806 782 sole
839 752 929 782 nec
961 736 1062 782 sale
1095 738 1316 782 ventisve
1347 738 1689 796 corrumpitur.

239 817 314 856 150
408 810 569 856 XLII.
608 808 827 873 Pingunt
859 817 911 855 et
943 816 1104 855 vestes
1136 812 1183 854 in
1216 810 1470 872 Aegypto,
1501 811 1631 854 inter
1662 825 1815 870 pauca

347 883 557 930 mirabili
600 900 802 946 genere,
841 883 1052 929 candida
1093 882 1217 938 vela,
1259 889 1525 944 postquam
1564 885 1816 936 attrivere,

348 956 612 1003 inlinentes
660 974 756 1003 non
804 956 1062 1011 coloribus,
1110 956 1196 1002 sed
1244 955 1454 1001 colorem
1504 955 1816 1001 sorbentibus

348 1029 740 1077 medicamentis.
810 1029 901 1075 hoc
955 1047 1065 1075 cum
1120 1028 1301 1083 fecere,
1356 1046 1452 1074 non
1507 1036 1715 1090 apparet
1768 1032 1815 1074 in

349 1104 483 1159 velis,
512 1105 601 1151 sed
628 1107 679 1149 in
707 1107 948 1149 cortinam
977 1105 1220 1166 pigmenti
1251 1101 1487 1147 ferventis
1516 1118 1677 1147 mersa
1706 1110 1817 1164 post

348 1184 657 1223 momentum
694 1176 1025 1222 extrahuntur
1061 1179 1207 1238 picta.
1276 1179 1572 1237 mirumque,
1607 1191 1720 1221 curn
1754 1178 1817 1221 sit

348 1267 472 1296 unus
503 1253 554 1296 in
585 1254 774 1296 cortina
805 1250 950 1304 colos,
984 1267 1045 1295 ex
1077 1250 1158 1295 illo
1191 1249 1312 1295 alius
1344 1255 1497 1310 atque
1529 1249 1650 1294 alius
1682 1248 1739 1294 fit
1767 1251 1816 1294 in

350 1331 487 1370 veste
538 1326 824 1386 accipientis
874 1323 1223 1369 medicamenti
1281 1322 1524 1384 qualitate
1577 1329 1816 1377 mutatus,

349 1413 438 1443 nec
488 1405 662 1459 postea
712 1397 843 1443 ablui
895 1404 1076 1459 potest.
1146 1399 1216 1442 ita
1265 1399 1470 1450 cortina,
1521 1412 1619 1441 non
1667 1395 1816 1442 dubie

349 1470 611 1517 confusura
663 1471 866 1525 colores,
912 1473 949 1516 si
1004 1473 1160 1532 pictos
1211 1472 1475 1531 acciperet,
1521 1469 1703 1532 digerit
1755 1485 1815 1515 ex

350 1561 446 1589 uno
486 1547 764 1607 pingitque,
804 1544 922 1590 dum
962 1547 1146 1606 coquit,
1187 1550 1238 1589 et
1277 1543 1485 1588 adustae
1526 1558 1614 1588 eae
1655 1549 1816 1588 vestes

349 1617 584 1663 firmiores
613 1619 780 1664 usibus
810 1618 934 1663 fiunt
963 1634 1110 1679 quam
1141 1620 1177 1662 si
1208 1634 1304 1662 non
1333 1623 1609 1662 urerentur.

242 1695 309 1734 151
411 1690 601 1737 XLIII.
640 1692 718 1737 De
767 1694 959 1753 pictura
1007 1694 1124 1736 satis
1173 1705 1435 1752 superque.
1504 1692 1816 1735 contexuisse

349 1762 422 1809 his
460 1771 512 1810 et
546 1764 788 1826 plasticen
824 1767 1100 1810 conveniat.
1171 1763 1392 1809 eiusdem
1429 1762 1617 1824 opere2
1653 1769 1816 1808 terrae

350 1837 536 1899 tingere
584 1854 643 1883 ex
691 1838 863 1901 argilla
907 1837 1252 1883 similitudines
1298 1836 1517 1882 Butades
1563 1836 1815 1900 Sicyonius

369 1997 380 2010 Ἰ
404 1945 426 2035 ll
458 1945 645 2035 vlericulo
672 1945 821 1996 Silliq:
870 1945 1056 1984 viriculo.
1128 1944 1249 1983 I'erba
1278 1943 1321 1982 id
1348 1948 1412 1982 est,
1440 1943 1624 1982 vericulo
1642 1943 1815 1994 fortasse

355 2011 400 2035 ae
419 2011 481 2036 em
496 2012 533 2036 a.

408 2051 423 2074 2
452 2065 603 2102 operae
633 2052 683 2098 B,
711 2051 769 2091 cd.
800 2051 912 2091 Lem.
943 2052 1056 2091 Voss.
1084 2052 1193 2090 m.2:
1230 2063 1353 2102 opere
1379 2051 1492 2090 rell.:
1545 2050 1681 2101 operis
1710 2051 1813 2089 coni.

355 2103 555 2156 Mapshoff.

406 2218 423 2235 ‘¹
453 2213 585 2251 These
599 2213 734 2251 words
746 2212 844 2251 look
858 2213 941 2251 like
953 2226 978 2251 a
990 2213 1115 2264 gloss.
1161 2212 1284 2263 Pliny
1298 2212 1373 2250 has
1387 2211 1559 2262 already
1573 2210 1815 2249 mentioned

352 2266 423 2303 the
452 2273 625 2305 cestrum
656 2267 697 2304 in
728 2267 748 2317 ξ
774 2268 860 2305 147.
919 2266 1007 2306 The
1038 2272 1123 2305 two
1154 2265 1276 2304 kinds
1306 2265 1354 2304 of
1379 2265 1593 2303 encaustic
1623 2265 1816 2315 painting

352 2319 447 2357 here
472 2320 717 2358 mentioned
740 2333 810 2358 are
834 2320 935 2358 with
959 2333 1052 2358 wax
1077 2319 1161 2358 and
1190 2331 1340 2370 graver
1363 2331 1417 2357 on
1444 2318 1578 2364 wood,
1602 2317 1686 2356 and
1713 2318 1815 2356 with

353 2386 443 2411 wax
465 2373 549 2411 and
568 2386 718 2423 graver
738 2386 792 2412 on
811 2374 946 2424 ivory.

409 2426 424 2450 ὸ
454 2427 536 2465 Far
560 2427 667 2465 back
690 2427 853 2477 though
876 2427 910 2465 it
932 2427 980 2472 is,
1006 2426 1129 2477 Pliny
1153 2438 1287 2464 seems
1309 2430 1355 2463 to
1379 2425 1486 2464 refer
1507 2429 1553 2463 to
1577 2424 1597 2474 ξ
1620 2426 1639 2463 l
1665 2424 1713 2463 of
1731 2424 1816 2463 this

354 2479 475 2518 book.
536 2479 623 2519 But
642 2480 715 2519 the
734 2480 847 2531 right
867 2480 1038 2530 reading
1058 2480 1092 2518 is
1112 2484 1189 2518 not
1207 2479 1379 2518 certain.

344 2569 433 2613 370
