1899 3015
594 226 835 273 PLINY:
892 227 1219 273 NATURAL
1261 226 1552 272 HISTORY

336 355 630 401 calidissima
699 362 840 415 parte
908 355 1233 400 marmoribus
1303 355 1565 399 incluserat
1632 370 1805 415 parvas

338 428 564 481 tabellas,
601 427 746 489 paulo
783 434 918 482 ante,
954 445 1065 473 cum
1102 427 1440 482 reficerentur,
1475 427 1709 473 sublatas.

405 502 462 546 X.
501 502 659 562 Super
691 516 861 546 omnes
887 501 1027 547 divus
1061 502 1318 562 Augustus
1351 503 1399 545 in
1432 500 1537 547 foro
1569 517 1656 546 suo
1681 500 1806 546 cele-

337 576 549 620 berrima
595 578 642 619 in
690 581 831 636 parte
878 578 1041 637 posuit
1087 574 1281 619 tabulas
1327 574 1466 628 duas,
1512 589 1640 636 quae
1685 573 1804 619 Belli

338 648 513 694 faciem
544 651 728 709 pictam
758 647 946 693 habent
977 655 1028 693 et
1055 647 1398 708 Triumphum,
1427 650 1549 693 item
1578 646 1806 692 Castores

337 739 392 768 ac
421 722 703 766 Victoriam.
775 725 938 783 posuit
967 728 1019 766 et
1048 737 1169 782 quas
1198 721 1417 766 dicemus
1445 721 1536 766 sub
1565 720 1806 766 artificum

337 798 591 841 mentione
626 798 674 839 in
709 795 897 856 templo
932 794 1154 840 Caesaris
1189 797 1357 855 patris.
1426 794 1560 840 idem
1592 796 1643 838 in
1675 796 1808 839 curia

338 885 553 931 quoque,
588 885 737 929 quam
771 871 821 913 in
853 871 1052 914 comitio
1086 869 1424 922 consecrabat,
1457 867 1579 913 duas
1612 867 1807 913 tabulas

339 945 568 1004 inpressit
601 944 793 1003 parieti.
865 941 1090 987 Nemean
1123 941 1384 987 sedentem
1416 956 1565 1002 supra
1594 940 1807 995 leonem,

339 1016 661 1078 palmigeram
719 1018 892 1076 ipsam,
948 1015 1181 1061 adstante
1203 1014 1220 1042 1
1276 1031 1388 1060 cum
1442 1013 1617 1060 baculo
1672 1030 1808 1068 sene,

338 1093 473 1135 cuius
519 1105 666 1150 supra
711 1096 861 1150 caput
905 1089 1092 1135 tabella
1135 1089 1282 1150 bigae
1327 1087 1599 1149 dependet,
1645 1087 1808 1133 Nicias

338 1162 569 1224 scripsit2
618 1178 670 1208 se
718 1165 977 1216 inussisse3
1038 1161 1124 1207 tali
1175 1164 1306 1207 enim
1354 1178 1469 1207 usus
1517 1167 1594 1207 est
1641 1162 1805 1207 verbo.

256 1244 306 1282 28
338 1237 539 1282 alterius
578 1235 780 1281 tabulae
819 1236 1080 1281 admiratio
1119 1242 1195 1280 est
1234 1236 1473 1296 puberem
1512 1235 1666 1280 filium
1703 1238 1805 1280 seni

342 1313 469 1372 patri
511 1310 721 1355 similem
763 1325 870 1354 esse
912 1312 1092 1355 aetatis
1134 1308 1268 1354 salva
1308 1307 1604 1363 differentia,
1644 1324 1812 1370 super-

341 1383 540 1429 volante
568 1383 733 1444 aquila
759 1383 1024 1428 draconem
1052 1382 1338 1443 complexa3
1384 1380 1695 1427 Philochares
1721 1381 1812 1428 hoc

341 1473 484 1502 suum
519 1473 642 1518 opus
679 1472 785 1502 esse
820 1463 1037 1502 testatus
1074 1462 1167 1509 est,
1202 1458 1442 1509 inmensa,
1478 1455 1555 1500 vel
1591 1472 1739 1501 unam
1772 1458 1811 1501 si

342 1537 540 1576 tantum
594 1529 720 1575 hanc
775 1530 997 1575 tabulam
1053 1529 1227 1591 aliquis
1282 1532 1532 1583 aestimet,
1585 1531 1813 1591 potentia

342 1607 477 1658 artis,
505 1621 617 1649 cum
645 1611 848 1665 propter
877 1602 1200 1649 Philocharen
1227 1602 1603 1665 ignobilissimos
1632 1602 1812 1664 alioqui

342 1677 666 1722 Glaucionem
735 1676 990 1739 filiumque
1059 1680 1163 1722 eius
1232 1676 1543 1737 Aristippum
1610 1683 1811 1722 senatus

342 1750 508 1812 populi
569 1751 776 1796 Romani
838 1757 915 1796 tot
973 1750 1179 1797 saeculis
1239 1750 1460 1811 spectet!
1537 1752 1703 1812 posuit
1761 1757 1814 1796 et

341 1823 565 1870 Tiberius
595 1823 793 1878 Caesar,
823 1826 1025 1869 minime
1054 1826 1204 1870 comis
1233 1826 1519 1885 imperator,
1547 1826 1597 1868 in
1624 1823 1812 1885 templo

342 1900 491 1959 ipsius
546 1899 762 1959 Augusti
818 1913 939 1959 quas
994 1914 1109 1943 mox
1163 1896 1503 1943 indicabimus.
1571 1895 1812 1942 hactenus

342 1970 530 2017 dictum
561 1974 625 2016 sit
656 1971 718 2017 de
750 1970 997 2033 dignitate
1029 1973 1146 2016 artis
1178 1973 1447 2016 morientis.

259 2050 310 2089 29
406 2044 493 2090 XI.
532 2044 723 2102 Quibus
780 2044 1021 2090 coloribus
1078 2043 1281 2107 singulis
1337 2045 1480 2105 primi
1538 2046 1813 2106 pinxissent

342 2117 572 2171 diximus,
594 2135 706 2164 cum
728 2117 790 2164 de
812 2120 868 2163 iis
890 2120 1159 2180 pigmentis
1181 2116 1491 2163 traderemus
1513 2119 1562 2162 in
1583 2117 1812 2171 metallis,

680 2214 694 2238 ¹
724 2214 923 2253 adstante
947 2214 1033 2254 edd.
1061 2220 1177 2253 vett:
1219 2213 1478 2253 adstantem.

678 2268 695 2291 ²
724 2268 939 2319 asscripsit
963 2268 1068 2307 coni.
1097 2267 1298 2318 Mayhoff.

399 2375 417 2394 ⁰
445 2369 596 2409 Castor
617 2369 701 2408 and
725 2369 877 2408 Pollux
900 2368 1213 2420 (Polydeuces).

402 2423 417 2447 ⁶
445 2423 586 2463 Julius
608 2423 761 2462 Caesar
783 2422 877 2461 who
899 2422 984 2461 had
1005 2422 1194 2473 adopted
1215 2422 1446 2473 Augustus.

401 2483 414 2501 ⁰
443 2477 531 2515 The
550 2477 741 2515 Nemean
759 2476 890 2515 forest
910 2475 1196 2527 (personified)
1217 2475 1352 2514 where
1373 2474 1572 2514 Heracles
1592 2474 1722 2514 killed
1740 2474 1813 2514 the

346 2531 534 2569 Nemean
553 2529 654 2568 lion.

398 2582 416 2605 ‘¹
445 2584 522 2623 See
541 2596 612 2635 pp.
634 2583 780 2624 356—9.

350 2641 435 2684 280
