1899 3015
578 231 818 277 PLINY:
876 232 1203 277 NATURAL
1244 232 1538 278 HISTORY

322 362 607 421 opertisque
650 359 865 420 sulpure,
909 376 1025 405 veru
1069 359 1265 405 ferreol
1308 362 1489 405 mixtis.
1559 377 1669 406 cum
1712 378 1789 406 co-

324 427 544 488 quatur.2
590 426 859 472 munienda
906 429 954 471 in
1003 442 1060 472 eo
1107 442 1255 487 opere
1303 425 1543 472 foramina
1588 430 1788 488 spiritus

324 496 581 546 convenit,
638 492 818 554 alioqui
858 492 1045 554 plumbi
1086 492 1357 538 fornacium
1397 492 1577 539 halitus
1616 497 1788 540 noxius

323 563 537 605 sentitur
596 566 647 604 et
705 559 969 620 pestilens3
1041 559 1229 605 nocet3
1288 560 1490 605 canibus
1548 563 1788 615 ocissime,

323 629 543 672 omnium
575 642 689 671 vero
721 625 1035 671 metallorum
1065 628 1243 671 muscis
1277 632 1328 671 et
1358 626 1608 681 culicibus,
1641 643 1789 688 quam

323 694 385 737 ob
408 709 510 737 rem
533 709 631 737 non
652 699 768 738 sunt
790 708 849 737 ea
869 692 1037 738 taedia
1057 695 1105 737 in
1127 692 1354 737 metallis.

215 765 287 804 168
385 758 600 815 Quidam
616 762 665 803 in
682 759 938 821 coquendo
955 760 1153 804 scobem
1172 759 1360 821 plumbi
1380 758 1497 804 lima
1513 763 1789 821 quaesitam

324 826 506 887 sulpuri
544 829 770 879 miscent,
806 825 885 870 alii
921 842 1169 871 cerussam
1207 828 1372 887 potius
1419 841 1569 888 quam
1603 826 1786 888 sulpur.

325 892 379 937 fit
411 899 463 937 et
495 892 657 937 lotura
687 892 874 953 plumbi
907 909 1022 937 usus
1053 895 1102 937 in
1132 892 1391 938 medicina.
1459 908 1571 938 cum
1602 909 1654 938 se
1684 896 1789 954 ipso

324 962 502 1004 teritur
540 962 589 1003 in
628 962 871 1005 mortariis
910 959 1154 1020 plumbeis
1195 959 1365 1004 addita
1403 974 1533 1021 aqua
1570 959 1788 1014 caelesti,

323 1025 481 1070 donec
516 1033 812 1079 crassescat3
865 1033 1040 1087 postea
1075 1032 1401 1087 supernatans
1438 1042 1566 1087 aqua
1601 1026 1790 1072 tollitur

323 1095 580 1154 spongeis3
624 1092 756 1154 quod
781 1095 1132 1137 crassissimum
1158 1091 1269 1146 fuit,
1295 1095 1532 1138 siccatum
1556 1092 1790 1139 dividitur

321 1161 371 1203 in
405 1159 641 1220 pastillos.
711 1159 912 1220 quidam
948 1159 1173 1204 limatum
1207 1159 1466 1221 plumbum
1500 1161 1567 1205 sic
1600 1166 1788 1215 terunt,

324 1226 525 1286 quidam
549 1233 601 1271 et.
621 1225 995 1288 plumbaginem
1019 1225 1310 1280 admiscent,
1334 1225 1411 1270 alii
1436 1242 1550 1272 vero
1573 1233 1788 1281 acetum,

216 1298 288 1336 169
322 1292 400 1336 alii
456 1295 640 1346 vinum,
695 1292 774 1337 alii
830 1293 1044 1354 adipem,
1099 1292 1178 1337 alii
1231 1308 1407 1338 rosam.
1489 1292 1690 1354 quidam
1738 1295 1787 1338 in

321 1358 515 1419 lapideo
568 1362 802 1404 mortario
857 1366 908 1404 et
960 1362 1177 1404 maxime
1230 1358 1477 1404 Thebaico
1528 1359 1788 1420 plumbum

321 1425 503 1486 pistillo
554 1425 790 1487 lapideo4
842 1432 1004 1471 terere
1056 1425 1265 1480 malunt,
1315 1425 1668 1488 candidiusque
1718 1429 1787 1472 ita

320 1492 376 1537 fit
436 1492 873 1538 medicamentum.
942 1493 992 1538 id
1055 1499 1224 1537 autem
1286 1492 1418 1554 quod
1479 1499 1645 1538 ustum
1707 1500 1784 1538 est

319 1558 578 1620 plumbum
637 1559 830 1604 lavatur
888 1565 945 1604 ut
1005 1560 1144 1604 stibis
1205 1565 1258 1604 et
1316 1559 1536 1604 cadmea.
1620 1566 1788 1620 potest

320 1625 647 1687 adstringere,
677 1629 869 1679 sistere,
900 1625 1193 1671 contrahere
1224 1628 1503 1680 cicatrices3
1550 1642 1641 1671 usu
1672 1633 1748 1672 est
1768 1626 1786 1655 ⁵

320 1692 495 1737 eodem
523 1699 575 1738 et
600 1695 649 1737 in
676 1692 927 1738 oculorum
954 1692 1349 1746 medicamentis,
1375 1695 1591 1738 maxime
1616 1699 1787 1738 contra

321 1759 679 1819 procidentiam
721 1775 891 1805 eorum
934 1766 985 1804 et
1026 1762 1296 1804 inanitates
1337 1758 1554 1804 ulcerum
1597 1775 1786 1804 excres-

318 1828 543 1871 centiave
584 1828 831 1887 rimasque
873 1825 1002 1871 sedis
1045 1832 1134 1871 aut
1173 1824 1539 1871 haemorroidas
1581 1832 1634 1871 et
1673 1842 1784 1872 con-

211 1896 285 1936 170
319 1891 587 1955 dylomata.
657 1893 719 1938 ad
768 1892 890 1938 haec
938 1895 1156 1937 maxime
1205 1892 1367 1937 lotura
1412 1892 1601 1954 plumbi
1650 1891 1784 1947 facit,

383 1987 397 2010 ¹
430 2001 530 2026 veru
557 1989 688 2027 ferreo
712 1989 816 2027 coni.
844 1988 1039 2038 Ilffayhoff
1051 2004 1059 2027 :
1103 1993 1146 2027 et
1170 1988 1278 2027 ferro
1301 1993 1373 2027 aut
1395 1992 1460 2027 est
1483 1992 1527 2026 et
1549 1987 1653 2027 foro.

381 2041 396 2064 ²
424 2046 666 2091 coquuntur
688 2043 792 2081 coni.
818 2042 1020 2092 illayhoff.

379 2094 395 2117 ³
425 2101 549 2133 nocet
582 2096 886 2145 ll'ar‘tm'nqton:
929 2100 992 2134 est
1019 2094 1213 2145 Mayhoff
1227 2110 1235 2133 :
1277 2099 1333 2133 et.

377 2148 393 2170 ⁴
421 2148 645 2199 plumbum
673 2148 874 2198 (Urlichs)
898 2148 1057 2198 pistillo
1080 2151 1115 2197 (e
1138 2148 1197 2186 cd.
1227 2148 1326 2187 Par.
1350 2148 1443 2187 Lat.
1465 2149 1587 2196 6797)
1617 2147 1784 2199 lapideo

325 2202 427 2249 (coll.
453 2203 609 2250 Diosc.)
632 2202 687 2240 K.
713 2202 758 2240 C.
782 2203 927 2251 Baz'ley
947 2218 954 2240 :
996 2202 1243 2252 plumbeum
1265 2201 1471 2252 pistillum
1493 2207 1563 2240 aut
1584 2201 1784 2253 plumbeo

323 2255 528 2304 pistillum
555 2255 640 2294 cdd.
669 2255 845 2306 (pistillo
869 2255 927 2293 ccl.
955 2256 1052 2293 Par.
1080 2256 1170 2294 Lat.
1195 2256 1333 2301 6797).

378 2309 393 2332 ⁵
426 2321 503 2346 usu
531 2313 596 2347 est
625 2308 840 2359 Mayhoff:
877 2321 977 2347 usus
1005 2314 1047 2347 et
1075 2308 1191 2347 cdd:
1226 2321 1328 2347 usus
1355 2308 1467 2346 enim
1494 2320 1546 2346 ex
1573 2307 1633 2347 ed.
1664 2313 1780 2347 vett.:

321 2373 421 2400 usus
443 2375 494 2400 ex
515 2362 649 2412 Silliq.

367 2449 393 2492 α’
414 2470 488 2508 See
512 2469 728 2515 xxxin,
752 2471 815 2508 98.
1099 2469 1113 2493 ὸ
1143 2469 1220 2509 see
1240 2470 1258 2519 ς
1282 2471 1371 2508 175.

363 2528 377 2545 ⁰
406 2523 493 2562 Not
524 2524 557 2561 it
576 2536 709 2561 seems
730 2523 802 2562 the
822 2522 942 2574 plant
961 2522 1195 2562 lead-wort.
1255 2521 1315 2561 Cf.
1339 2522 1620 2568 Dioscorides,
1641 2522 1691 2568 V,
1712 2524 1777 2569 95,

313 2578 403 2615 100.

314 2645 398 2697 248
