1899 3015
592 223 834 269 PLINY:
892 222 1220 268 NATURAL
1264 220 1558 268 HISTORY

236 350 668 412 1851)a1·aphor0n.
737 349 907 411 liquidi
961 349 1186 394 aluminis
1239 351 1308 394 vis
1362 348 1688 410 adstringere,
1741 351 1812 393 in—

341 418 536 471 durare,
574 417 763 462 rodere.
833 415 1012 461 melle1
1052 416 1275 461 admixto
1313 422 1458 462 sanat
1494 418 1589 461 oris
1628 415 1812 469 ulcera,

343 484 547 545 papulas
579 487 914 545 pruritusque.
983 482 1105 527 haec
1142 485 1332 527 curatio
1370 482 1426 528 fit
1460 484 1511 526 in
1546 481 1735 527 balneis
1773 497 1810 527 11

343 551 498 596 mellis
542 551 783 612 partibus,
827 552 977 595 tertia
1021 549 1262 594 aluminis.
1332 551 1460 594 virus
1504 548 1692 593 alarum
1734 564 1812 594 su-

341 618 571 679 dorisque
614 617 772 663 sedat.
841 619 1052 661 sumitur
1093 615 1254 677 pilulis
1297 622 1470 661 contra
1510 615 1650 660 lienis
1693 617 1812 660 vitia

342 684 728 746 pellendumque
762 699 852 745 per
885 686 1077 728 urinam
1111 684 1420 744 sanguinem.
1490 681 1726 727 emendat
1760 688 1813 727 et

342 752 557 796 scabiem
591 754 721 796 nitro
757 766 812 795 ac
846 748 1118 794 melanthio
1154 749 1401 794 admixtis.

234 825 307 863 18⁴3
407 817 636 863 Concreti
676 816 902 862 aluminis
942 833 1095 861 unum
1131 832 1288 877 genus
1321 809 1529 878 σχιστὸν
1559 814 1813 876 appellant

345 884 538 938 Graeci,
584 887 635 929 in
680 883 1030 945 capillamenta
1076 882 1322 944 quaedam
1369 884 1683 927 canescentia
1728 881 1811 927 de-

344 951 552 1004 hiscens,
591 950 723 996 unde
763 950 965 1011 quidam
1002 949 1239 995 trichitim
1278 951 1443 1010 potius
1482 948 1809 1010 appellavere.

344 1017 434 1063 hoc
466 1018 521 1062 fit
553 1033 579 1062 e
610 1017 792 1078 lapide,
824 1033 884 1062 ex
917 1033 1014 1078 quo
1046 1023 1097 1061 et
1128 1015 1525 1061 aes—chalcitim
1554 1021 1812 1068 vocant—‚

345 1092 398 1130 ut
419 1085 437 1112 2
461 1084 608 1130 sudor
632 1083 833 1145 quidam
859 1086 961 1129 eius
984 1083 1159 1144 lapidis
1184 1085 1233 1127 in
1256 1099 1482 1143 spumam
1506 1081 1810 1144 coagulatus.

343 1151 433 1196 hoc
482 1167 638 1212 genus
688 1150 914 1195 aluminis
963 1153 1124 1194 minus
1174 1152 1323 1194 siccat
1372 1152 1634 1210 minusque
1683 1151 1813 1194 sistit

346 1234 567 1262 umorem
604 1217 831 1262 inutilem
869 1233 1144 1278 corporum,
1184 1223 1236 1261 et
1274 1217 1472 1261 auribus
1508 1231 1811 1278 magnopere

344 1284 545 1345 prodest
584 1283 817 1340 infusum,
861 1283 939 1329 vel
964 1283 1159 1328 inlitum
1187 1290 1237 1328 et
1264 1286 1357 1328 oris
1385 1283 1627 1328 ulceribus
1653 1282 1813 1328 denti-

343 1353 533 1412 busque
573 1358 625 1396 et
662 1350 740 1395 si3
777 1350 929 1395 saliva
965 1367 1077 1395 cum
1117 1366 1175 1395 eo
1213 1353 1542 1395 contineatur.
1612 1355 1664 1394 et
1701 1365 1813 1394 ocu-

344 1419 500 1464 lorum
563 1418 941 1463 medicamentis
1006 1420 1239 1462 inseritur
1303 1423 1421 1477 apte
1485 1415 1812 1477 verendisque

343 1488 600 1546 utriusque
633 1500 793 1529 sexus.
863 1486 1092 1545 coquitur
1122 1487 1172 1528 in
1203 1483 1419 1537 catiniS,4
1449 1482 1606 1528 donec
1637 1482 1811 1544 liquari

233 1557 307 1596 187
344 1552 553 1598 desinat.
623 1553 866 1596 inertioris
900 1557 975 1596 est
1007 1550 1218 1595 alterurn
1249 1552 1461 1612 generis,
1493 1549 1626 1611 quod
1655 1556 1813 1594 stron-

342 1618 493 1681 gylen
517 1625 709 1663 vocant.
778 1617 907 1663 duae
934 1624 985 1662 et
1011 1620 1114 1662 eius
1139 1620 1344 1678 species,
1369 1615 1633 1678 fungosum
1659 1622 1810 1677 atque

343 1688 474 1731 omni
512 1701 682 1730 umore
720 1684 839 1729 dilui
875 1683 1036 1737 facile,
1074 1684 1206 1745 quod
1242 1686 1292 1728 in
1328 1690 1492 1729 totum
1529 1683 1809 1729 damnatur.

343 1751 518 1797 melius
559 1754 868 1813 pumicosum
912 1758 962 1796 et
1005 1750 1301 1809 foraminum
1345 1750 1518 1796 fistulis
1561 1764 1811 1811 spongeae

343 1818 498 1863 simile
541 1818 910 1879 rotundumque
952 1824 1147 1870 natura,
1190 1817 1399 1862 candido
1441 1819 1656 1878 propius,
1699 1832 1810 1861 cum

343 1885 558 1947 quadam
612 1885 979 1946 pinguitudine,
1033 1887 1138 1929 sine
1191 1883 1404 1937 harenis,
1458 1882 1667 1937 friabile,
1721 1898 1811 1928 nec

342 1952 561 1997 inficiens
605 1955 820 2014 nigritia.
887 1951 978 1996 hoc
1022 1953 1250 2012 coquitur
1292 1967 1381 2012 per
1424 1966 1476 1996 se
1519 1950 1811 1996 carbonibus

404 2049 417 2071 1
448 2048 564 2086 melli
587 2048 650 2087 B:
695 2048 809 2087 melli
833 2047 1074 2086 admixtum
1099 2048 1203 2086 coni.
1231 2046 1433 2097 Mayhoff.

401 2102 416 2125 2
445 2106 668 2147 vocant—‚
689 2106 739 2139 ut
760 2101 976 2151 Mayhoff:
1009 2105 1166 2139 vocant
1186 2104 1235 2138 ut
1262 2101 1317 2138 sit
1345 2100 1430 2139 edd.
1454 2105 1569 2139 vett.:
1608 2112 1811 2138 vocamus

347 2154 384 2192 Β
403 2171 410 2194 :
445 2160 623 2193 vocatus
645 2155 704 2193 cd.
729 2155 842 2193 Laid.
873 2156 985 2204 Lips.
1006 2170 1014 2193 :
1056 2159 1234 2193 vocatur
1256 2154 1339 2192 rell.

400 2209 415 2231 ³
445 2214 488 2247 et
503 2209 536 2246 si
554 2208 765 2259 Mapshvoff:
795 2209 888 2247 etis
901 2208 980 2246 Bl:
1011 2212 1055 2246 et
1073 2208 1136 2246 his
1155 2208 1231 2246 B2:
1262 2208 1294 2245 si
1311 2206 1370 2246 cd.
1386 2207 1483 2245 Par.
1502 2208 1630 2246 6801:
1661 2210 1706 2245 et
1725 2205 1809 2245 rell.

402 2263 418 2286 4
449 2262 599 2300 catinis
620 2262 658 2300 B
676 2277 684 2301 :
725 2262 883 2313 patinis
904 2262 987 2300 rell.

400 2375 418 2392 ‘²
446 2370 534 2408 The
551 2370 765 2420 following
794 2369 971 2408 medical
999 2382 1093 2408 uses
1120 2382 1190 2407 are
1228 2368 1312 2407 like
1340 2368 1413 2407 the
1441 2368 1617 2407 modern
1644 2380 1738 2406 uses
1765 2367 1814 2406 of

344 2423 648 2474 potash-alum.

403 2476 418 2499 ὓ
446 2476 670 2527 Includjng
690 2476 995 2528 potash-alum,
1017 2475 1299 2521 halotrichite‚
1321 2479 1402 2514 etc.

401 2535 415 2553 ⁰
444 2529 559 2569 Both
600 2530 889 2581 potash-alum
924 2529 1009 2567 and
1043 2529 1293 2567 aluminium
1328 2528 1538 2582 sulphate,
1574 2527 1610 2567 if
1640 2526 1807 2574 heated‚

344 2581 461 2628 melt,
483 2583 609 2629 swell,
629 2583 712 2621 and
732 2583 902 2633 solidify
922 2583 1013 2621 into
1034 2583 1042 2598 ⁴
1064 2583 1193 2621 burnt
1211 2582 1357 2621 alum.’

339 2638 426 2696 398
