1899 3015
216 560 266 597 45

217 1221 268 1259 46

552 202 760 248 PLINY
778 219 788 248 z
843 202 1171 249 NATURAL
1217 201 1512 249 HISTORY

299 331 499 377 rudibus
529 330 907 376 medicamentis
937 330 1256 384 inebriatum,
1286 332 1566 392 proximum
1597 337 1770 391 egesto

299 422 356 450 co
391 404 562 450 addita
595 410 732 449 creta
766 406 816 448 in
850 405 924 448 ius
959 403 1092 449 idem
1128 410 1197 457 et,
1232 405 1462 464 quotiens
1496 403 1546 449 id
1580 402 1770 449 factum

299 485 391 531 est,
439 477 663 522 elevatur
708 477 903 522 bonitas
950 493 1039 538 pro
1085 492 1292 522 numero
1338 476 1569 522 dilutiore
1615 479 1768 522 sanie.

303 567 454 613 quare
481 548 813 596 Puteolanum
837 552 1001 611 potius
1026 549 1260 595 laudetur
1283 566 1433 611 quam
1456 549 1659 612 Tyrium
1684 556 1772 595 aut

300 624 616 670 Gaetulicum
676 622 753 668 vel
816 623 1132 677 Laconicum,
1194 623 1326 669 unde
1386 625 1771 685 pretiosissimae

300 713 564 760 purpurae,
593 713 741 743 causa
770 704 846 743 est
875 697 1008 759 quod
1036 696 1246 760 hysgino
1267 696 1285 725 1
1313 699 1530 742 maxime
1558 696 1774 742 inficitur

300 773 556 833 rubiaque,
621 786 750 832 quae
771 770 789 798 2
853 773 1048 833 cogitur
1110 770 1325 816 sorbere.
1394 770 1681 815 vilissimum
1745 786 1774 816 a

301 846 527 891 Canusio.
595 847 814 906 pretium
881 860 909 889 a
974 843 1178 906 singulis
1246 843 1459 889 denariis
1518 845 1568 888 in
1625 842 1773 889 libras

302 919 363 964 ad
404 934 510 964 xxx.
579 921 846 980 pingentes
888 917 1104 980 sandyce
1146 916 1346 971 sublita,
1381 933 1496 962 mox
1539 916 1641 962 ex3
1682 933 1773 963 ovo

301 992 591 1038 inducentes
624 994 981 1053 purpurissum,
1013 989 1259 1053 fulgorem
1291 992 1428 1036 minii
1461 988 1666 1036 faciunt.
1735 992 1772 1035 si

300 1081 547 1128 purpurae
570 1064 590 1093 4
654 1064 819 1110 facere
882 1064 1092 1118 malunt,
1156 1063 1439 1110 caeruleum
1502 1063 1775 1118 sublinunt,

301 1156 416 1185 mox
451 1141 794 1200 purpurissum
830 1154 892 1183 ex
926 1154 1017 1183 ovo
1051 1137 1310 1183 inducunt.

363 1212 573 1258 XXVII.
611 1212 691 1257 Ab
741 1211 833 1257 hoc
882 1213 1101 1256 maxima
1151 1213 1419 1256 auctoritas
1459 1209 1644 1256 Indico.
1713 1226 1775 1256 ex

305 1286 446 1331 India
471 1287 608 1330 venit
633 1283 966 1330 harundinum
993 1300 1199 1346 spumae
1227 1283 1616 1329 adhaerescente
1642 1283 1773 1330 limo.

302 1376 414 1405 cum
462 1365 710 1412 cernatur,
760 1361 974 1420 nigrum,
1023 1364 1076 1402 at
1124 1360 1173 1402 in
1222 1357 1457 1403 diluendo
1505 1359 1776 1403 mixturam

304 1448 550 1494 purpurae
608 1431 922 1493 caeruleique
979 1430 1256 1476 mirabilem
1314 1430 1493 1476 reddit.
1563 1430 1776 1476 alterum

303 1522 458 1569 genus
496 1508 600 1551 eius
637 1512 714 1550 est
749 1507 798 1550 in
834 1507 1135 1566 purpurariis
1171 1504 1372 1550 officinis
1409 1507 1639 1550 innatans
1675 1520 1777 1550 cor-

304 1583 436 1633 tinis,
471 1586 522 1625 et
557 1586 633 1624 est
666 1594 914 1640 purpurae
948 1594 1138 1639 spuma.
1208 1580 1292 1639 qui
1325 1577 1629 1632 adulterant,
1662 1593 1777 1624 vero

307 1653 474 1699 Indico
539 1655 744 1715 tingunt
808 1659 1026 1698 stercora
1090 1651 1372 1697 columbina
1436 1657 1525 1697 aut
1588 1657 1777 1697 cretam

305 1726 597 1772 Selinusiam
637 1725 715 1771 vel
754 1725 1026 1771 anulariam
1067 1727 1192 1770 vitro
1232 1725 1471 1770 inficiunt.
1540 1725 1779 1786 probatur

305 1801 544 1854 carbone3
597 1799 762 1845 reddit
798 1802 930 1844 enim
966 1799 1098 1860 quod
1133 1801 1379 1844 sincerum
1415 1804 1492 1844 est
1526 1797 1776 1844 flammam

307 1873 594 1919 excellentis
627 1888 876 1935 purpurae
911 1879 979 1926 et,
1013 1871 1132 1918 dum
1166 1871 1343 1926 fumat,
1377 1871 1580 1917 odorem
1612 1874 1774 1917 maris.

306 1948 367 1993 ob
400 1947 450 1993 id
484 1947 685 2009 quidam
720 1963 746 1992 e
779 1945 988 2008 scopulis
1021 1945 1071 1991 id
1103 1945 1263 2008 colligi
1297 1951 1493 2007 putant.
1562 1947 1777 2007 pretium

372 2067 386 2090 ¹
417 2067 596 2118 hysgino
622 2067 868 2106 Hermolaus
898 2066 1133 2105 Barbarus:
1166 2065 1324 2117 hygino
1352 2066 1415 2104 B:
1446 2079 1549 2117 yyg-
1579 2070 1651 2105 aut
1677 2078 1777 2117 yog-

315 2120 400 2159 edd.
422 2137 430 2159 :
473 2121 513 2158 id
537 2134 668 2170 genus
691 2120 749 2159 cd.
776 2121 873 2158 Par.
900 2121 1001 2158 6801
1024 2135 1032 2158 z
1074 2120 1206 2158 iscino
1228 2119 1333 2158 Isid.

371 2175 385 2197 2
415 2175 622 2223 rubiaque
651 2187 758 2223 quae
785 2174 889 2212 Ian:
936 2173 1057 2212 rubia
1085 2185 1193 2223 quae
1218 2178 1289 2211 ααι
1315 2172 1533 2222 rubiaque.

371 2229 385 2250 3
415 2241 465 2266 ex
494 2228 585 2265 add.
615 2227 817 2277 Mayhoss.

371 2282 385 2304 ⁴
415 2294 630 2332 purpurae
659 2281 854 2330 Illa-ashoff
868 2296 875 2318 :
922 2293 1110 2331 purpura
1137 2285 1207 2318 aut
1235 2291 1483 2330 purpuram.

307 2489 314 2501 ι
360 2436 376 2453 ‘¹
408 2430 444 2468 A
478 2430 669 2500 purplish
704 2430 776 2468 red
810 2429 956 2468 colour
987 2433 1062 2480 got
1095 2428 1203 2467 from
1238 2428 1310 2467 the
1344 2427 1623 2467 unidentified
1656 2427 1779 2479 plant

333 2484 377 2561 hl}
391 2497 534 2575 Sffssom
556 2536 718 2576 several
737 2536 895 2588 species
916 2535 964 2575 of
978 2535 1004 2575 Ι
1007 2535 1228 2587 ndiyofera.

310 2627 393 2670 294
