1873 3020
205 323 277 361 162

205 882 277 921 163

206 1603 278 1642 164

559 187 794 233 PLINY:
852 187 1180 234 NATURAL
1227 186 1522 233 HISTORY

375 316 448 361 Ex
478 315 705 361 caeruleo
733 315 788 361 fit
816 315 947 377 quod
975 322 1178 361 vocatur
1204 315 1497 370 lomentum,
1524 314 1776 377 perficitur

313 396 358 441 id
390 395 598 441 lavando
626 394 951 456 terendoque.
1021 393 1112 440 hoc
1142 402 1218 440 est
1246 394 1474 441 caeruleo
1502 395 1772 441 candidius.

312 479 471 537 pretia
503 479 605 521 eius
639 476 677 521 Χ
711 474 777 519 xl
807 478 856 519 in
887 475 1051 529 libras,
1083 474 1296 520 caerulei
1335 475 1373 521 Χ
1408 490 1514 520 vm.
1585 491 1699 520 usus
1727 478 1775 520 in

310 562 474 608 creta3
534 554 678 600 calcis
723 558 984 615 inpatiens.
1056 570 1214 616 nuper
1257 557 1463 600 accessit
1507 561 1560 600 et
1604 554 1777 601 Vesto-

312 639 521 688 rianum,
570 635 633 680 ab
681 641 883 680 auctore
931 634 1254 696 appellatum.
1325 633 1380 680 fit
1429 650 1490 679 ex
1538 634 1776 697 Aegyptii

315 715 557 760 levissima
586 721 758 775 parte3
802 717 1017 776 pretium
1052 717 1155 759 eius
1187 717 1235 758 in
1265 713 1412 760 libras
1445 714 1483 760 Χ
1513 729 1577 760 xl.
1646 714 1779 760 idem

313 803 363 841 et
388 793 645 841 Puteolani
670 812 801 849 usus,
823 801 1124 856 praeterque
1148 794 1211 839 ad
1233 793 1508 848 fenestras;
1547 810 1740 857 cyanon
1760 794 1778 822 2

314 883 505 921 vocant.
580 892 676 921 non
703 874 895 936 pridem
928 874 1176 936 adportari
1207 881 1259 920 et
1291 873 1516 919 Indicum
1545 881 1779 936 coeptum

313 963 405 1009 est,
422 959 558 1001 cuius
575 958 792 1016 pretium
813 955 851 1000 Χ
871 970 956 1000 vu.
1026 957 1152 1000 ratio
1169 957 1219 999 in
1235 957 1429 1015 pictura
1446 953 1510 999 ad
1527 956 1778 1010 incisuras,

311 1034 402 1081 hoc
426 1042 501 1081 est
526 1035 724 1080 umbras
748 1034 1039 1080 dividendas
1071 1034 1133 1079 ab
1164 1033 1364 1080 lumine,
1437 1040 1514 1080 est
1538 1040 1590 1080 et
1613 1034 1780 1080 vilissi-

311 1114 484 1160 mum3
519 1131 677 1178 genus
713 1114 935 1169 lomenti,
971 1111 1143 1176 quod4
1177 1117 1352 1160 tritum
1387 1121 1583 1169 vocant,
1618 1117 1778 1177 quinis

311 1196 498 1241 assibus
525 1198 860 1241 aestimatum.

372 1275 595 1321 Caerulei
610 1278 785 1321 sinceri
800 1277 1200 1337 experimentum
1214 1277 1263 1320 in
1277 1275 1489 1322 carbone
1504 1281 1560 1321 ut
1575 1273 1753 1338 flagret
1770 1290 1781 1330 ;

310 1357 440 1402 fraus
463 1356 587 1401 viola
609 1355 745 1401 arida
766 1355 973 1401 decocta
993 1358 1043 1400 in
1065 1371 1195 1417 aqua
1216 1371 1432 1417 sucoque
1454 1371 1544 1417 per
1564 1354 1775 1401 linteum

312 1452 544 1497 expresso
584 1439 634 1481 in
672 1443 862 1481 cretam
902 1435 1164 1481 Eretriam.
1235 1437 1304 1481 vis
1343 1438 1394 1481 in
1433 1435 1682 1481 medicina
1722 1442 1778 1481 ut

314 1524 493 1579 purget
530 1516 721 1569 ulcera;
773 1519 944 1578 itaque
981 1522 1032 1561 et
1069 1515 1349 1577 emplastris
1385 1515 1623 1571 adiciunt,
1658 1519 1781 1561 item

314 1599 554 1642 causticis.
626 1599 805 1641 teritur
825 1603 995 1642 autern
1015 1595 1311 1641 difficillime.
1383 1595 1439 1643 sil
1465 1598 1515 1641 in
1534 1595 1782 1641 medendo

316 1677 493 1722 leniter
556 1676 752 1722 mordet
817 1675 1183 1738 adstringitque
1249 1682 1302 1721 et
1366 1675 1536 1738 explet
1601 1675 1779 1722 ulcera.

314 1760 471 1802 uritur
495 1759 542 1801 in
569 1756 815 1810 fictilibus,
841 1763 897 1802 ut
922 1758 1090 1818 prosit.

379 1835 546 1882 Pretia
573 1853 752 1889 rerum,
780 1852 908 1898 quae
935 1852 1144 1898 usquam
1172 1839 1440 1898 posuimus,
1467 1853 1565 1883 non
1590 1839 1779 1899 ignora-

315 1934 422 1963 mus
440 1917 533 1962 alia
552 1917 656 1962 aliis
675 1916 789 1962 locis
808 1932 915 1962 esse
934 1923 986 1962 et
1003 1917 1231 1962 omnibus
1247 1932 1409 1978 paene
1427 1919 1607 1962 mutari
1627 1919 1782 1971 annis,

315 2005 461 2059 prout
486 1999 804 2059 navigatione
829 1998 1146 2043 constiterint
1172 2003 1259 2042 aut
1283 2003 1340 2042 ut
1365 1999 1573 2058 quisque
1599 2012 1783 2042 merca-

316 2085 395 2123 tus
454 2080 517 2123 sit
564 2084 651 2122 aut
698 2076 872 2138 aliquis
920 2075 1210 2138 praevalens
1256 2092 1490 2139 manceps
1537 2092 1783 2123 annonam

370 2236 383 2259 ¹
413 2235 456 2286 ἕξ
482 2237 664 2274 162-163
693 2236 856 2274 numeri
885 2235 993 2274 varie
1019 2234 1252 2274 traduntur.

365 2290 380 2312 ²
409 2302 577 2340 cyanon
600 2288 760 2327 Brotier
784 2301 831 2327 ex
858 2288 962 2326 coni.
990 2287 1205 2328 Durandi:
1252 2288 1378 2340 cylon
1403 2288 1461 2328 B:
1506 2289 1596 2329 VJl.
1625 2288 1781 2340 cyllon,

317 2342 515 2435 0)ἐοῐῖἱῖῗῖἷῖ
533 2342 825 2441 (Rillfflscillium,
848 2394 1192 2433 subtilissimum.

314 2449 762 2541 Bgrbz'ffzzsquondam:
800 2448 914 2498 quod
944 2448 1051 2486 dant
1081 2448 1167 2487 edd.
1198 2453 1296 2486 vett:
1333 2448 1507 2498 quidam
1536 2448 1782 2487 Hermolaus

317 2593 401 2623 120
