1873 3020
599 212 805 259 PLINY
825 233 833 261 :
898 211 1223 258 NATURAL
1271 206 1563 257 HISTORY

300 341 473 387 flatum
508 358 629 402 opus
666 347 775 385 erat
809 338 988 401 frangi,
1022 341 1249 400 opposita
1283 337 1527 383 columna.
1593 340 1764 398 itaque

298 418 694 481 magnitudinem
746 423 950 478 propter
999 414 1444 477 difficultatemque
1494 412 1764 459 moliendil

299 513 395 542 non
427 498 601 557 attigit
631 510 746 539 eum
778 493 957 538 Fabius
989 492 1307 547 Verrucosus,
1337 508 1449 537 cum
1481 490 1765 544 Herculem,

218 580 263 616 41
299 576 380 635 qui
419 579 495 617 est
530 575 579 617 in
615 570 879 632 Capitolio,
913 570 1029 615 inde
1063 567 1376 614 transferret.
1443 575 1562 614 ante
1596 583 1765 613 omnes

301 657 471 695 autem
523 652 571 693 in
624 648 953 693 admiratione
1004 645 1101 692 fuit
1152 645 1274 691 Solis
1325 645 1538 691 colossus
1589 643 1766 698 Rhodi,

301 743 448 788 quem
490 725 680 771 fecerat
722 724 908 770 Chares
951 723 1173 778 Lindius,
1216 722 1420 785 Lysippi
1461 737 1609 784 supra
1648 721 1766 767 dicti

300 802 581 864 discipulus.
650 817 737 846 Lxx
757 801 1036 846 cubitorum
1055 799 1330 845 altitudinis
1349 798 1445 845 fuit
1463 799 1554 844 hoc
1572 797 1768 844 simula-

300 897 454 935 crum,
495 886 607 941 post
648 877 796 923 val2
836 894 1021 923 annum
1061 884 1227 922 terrae
1267 883 1407 922 motu
1448 882 1768 938 prostratum,

302 957 390 1002 sed
412 960 577 1002 iacens
603 971 800 1017 quoque
825 954 1061 1000 miraculo
1086 961 1177 999 est.
1245 957 1391 1015 pauci
1413 953 1640 1015 pollicem
1665 955 1768 998 eius

302 1034 690 1095 amplectuntur,
728 1034 939 1077 maiores
977 1038 1094 1077 sunt
1131 1030 1275 1093 digiti
1314 1046 1462 1092 quam
1501 1030 1769 1092 pleraeque

302 1118 518 1157 statuae.
586 1112 709 1155 vasti
773 1125 948 1171 specus
1010 1108 1151 1154 hiant
1212 1106 1447 1153 defractis
1508 1107 1770 1159 membris3

302 1194 594 1249 spectantur
614 1190 746 1232 intus
768 1201 981 1248 magnae
1002 1184 1142 1231 molis
1163 1201 1302 1239 saxa,
1322 1201 1530 1246 quorum
1551 1183 1769 1246 pondere

302 1265 613 1310 stabiliverat
652 1280 765 1309 eum
804 1265 1129 1308 constituens.
1195 1261 1457 1307 duodecim
1495 1264 1634 1306 annis
1671 1268 1770 1306 tra-

302 1342 429 1387 dunt
480 1339 710 1386 effectum
763 1356 844 1385 ccc
892 1339 1114 1393 talentis,
1165 1355 1293 1400 quae
1343 1342 1659 1401 contigerant
1709 1353 1770 1383 ex

304 1426 551 1481 apparatu
620 1420 747 1479 regis
815 1417 1062 1463 Demetrii
1129 1415 1301 1461 relicto
1367 1431 1536 1461 morae
1602 1414 1771 1478 taedio

223 1502 274 1540 42
306 1496 505 1541 obsessa
524 1495 543 1523 3
566 1494 756 1539 Rhodo.
824 1500 941 1539 sunt
963 1492 1043 1538 alii
1066 1499 1268 1538 centum
1293 1508 1498 1538 numero
1521 1495 1570 1537 in
1595 1491 1770 1537 eadem

304 1573 426 1618 urbe
473 1571 644 1617 colossi
693 1574 906 1616 minores
955 1569 1063 1624 hoc,
1109 1569 1198 1614 sed
1246 1570 1546 1631 ubicumque
1593 1567 1770 1630 singuli

305 1647 532 1703 fuissent,
565 1647 873 1693 nobilitaturi
906 1646 1083 1701 locum,
1114 1653 1416 1708 praeterque
1448 1645 1534 1691 hos
1567 1645 1771 1692 deorum

304 1728 541 1787 quinque,
562 1741 682 1786 quos
705 1723 825 1769 fecit
845 1723 1068 1785 Bryaxis.

223 1810 274 1847 43
370 1801 639 1847 Factitavit
671 1801 881 1846 colossos
916 1807 968 1845 et
1001 1799 1165 1845 Italia.
1233 1799 1454 1844 videmus
1487 1807 1623 1844 certe
1653 1799 1773 1844 Tus-

304 1881 530 1923 canicum
575 1878 858 1940 Apollinem
901 1879 950 1922 in
993 1876 1296 1922 bibliotheca
1339 1876 1513 1937 templi
1557 1877 1771 1938 Augusti

305 1959 670 2017 quinquaginta
710 1953 895 2016 pedum
934 1970 959 1998 a
1001 1953 1193 2015 pollice,
1232 1953 1438 1998 dubium
1476 1969 1591 1999 aere
1630 1956 1773 1998 mira-

305 2032 529 2078 biliorem
577 2049 639 2077 an
688 2030 1070 2094 pulchritudine.
1138 2029 1258 2076 fecit
1306 2037 1358 2076 et
1405 2029 1486 2091 Sp.
1535 2029 1773 2075 Carvilius

307 2108 494 2164 Iovem,
518 2112 601 2171 qui
628 2116 704 2154 est
727 2111 777 2153 in
801 2107 1065 2169 Capitolio,
1089 2110 1228 2153 victis
1253 2105 1556 2153 Samnitibus
1580 2113 1774 2152 sacrata

373 2237 387 2260 ¹
419 2237 618 2276 movendi
639 2238 705 2275 B2.

371 2291 386 2314 ²
415 2301 519 2330 wa
542 2291 625 2330 Bl:
664 2300 749 2328 Lvi.

369 2344 385 2367 ³
415 2345 585 2383 obsessa
615 2344 676 2383 B:
718 2344 864 2381 obesse
893 2356 918 2381 a
947 2343 1029 2381 rell.
1061 2343 1250 2392 (obsesso
1279 2342 1338 2382 cd.
1375 2342 1540 2392 Vind.):
1582 2342 1775 2381 obsessae

314 2397 462 2448 Silliq:
504 2398 579 2437 del.
605 2397 691 2436 edd.
719 2403 808 2435 vell.
829 2398 945 2446 (ilem
969 2396 1135 2445 rhodo).

539 2533 557 2551 ⁰
587 2528 828 2566 Demetrius
854 2528 1122 2566 Poliorcetes.
1376 2526 1392 2550 ⁶
1420 2527 1482 2566 Cf.
1506 2527 1525 2576 §
1548 2528 1611 2565 34.

315 2607 397 2666 158
