1873 3020
202 1185 275 1225 113

199 1877 274 1915 114

497 208 737 255 PLINY:
795 207 1121 254 NATURAL
1166 206 1455 253 HISTORY

307 336 385 381 alii
438 343 602 382 terere
653 338 702 381 in
753 337 998 381 mortariis
1051 338 1207 379 aereis
1261 351 1320 380 ex
1373 341 1516 381 aceto
1568 334 1774 381 malunt.

306 416 528 459 ocissime
557 428 672 458 vero
699 414 943 474 contingit
971 415 1334 457 coronariorum
1361 414 1698 457 recisamentis
1726 414 1776 457 in

252 500 260 511 ⁶
309 497 507 535 acetum
576 488 661 534 idl
729 489 926 534 additis.
996 488 1283 534 adulterant
1349 504 1592 534 marmore
1657 490 1777 534 trito

306 570 523 612 maxime
595 565 840 611 Rhodiam
913 568 1219 628 aeruginem,
1284 564 1364 609 alii
1429 567 1625 626 pumice
1689 572 1776 610 aut

305 646 501 688 cummi.
572 645 838 704 praecipue
882 649 1052 687 autem
1096 640 1223 687 fallit
1266 648 1549 687 atramento
1591 644 1778 687 sutorio

305 719 620 773 adulterata3
699 726 867 765 cetera
931 722 1061 763 enim
1122 718 1275 764 dente
1335 717 1778 779 deprehenduntur

305 796 569 842 stridentia
614 799 663 841 in
708 795 999 841 frendendo.
1071 798 1469 857 experimentum
1516 797 1563 839 in
1609 794 1778 840 vatillo

307 872 485 927 ferreo,
515 889 631 917 nam
661 889 789 935 quae
819 875 1009 918 sincera
1040 879 1132 926 est,
1161 888 1302 917 suum
1333 871 1545 917 colorem
1574 874 1779 926 retinet,

307 966 435 1012 quae
470 952 627 995 mixta
664 956 964 1003 atramento,
1000 949 1231 994 rubescit.
1301 947 1691 1010 deprehenditur
1727 954 1780 994 et

305 1043 494 1089 papyro
529 1026 662 1088 galla
697 1029 829 1087 prius
865 1032 1135 1080 macerato,
1171 1028 1405 1088 nigrescit
1441 1027 1572 1070 enirn
1607 1027 1778 1070 statim

306 1106 543 1166 aerugine
605 1102 762 1149 inlita.
832 1102 1224 1164 deprehenditur
1285 1109 1336 1147 et
1397 1104 1501 1147 visu
1561 1100 1778 1164 maligne

311 1183 485 1225 virens.
555 1180 644 1225 sed
679 1183 780 1225 sive
817 1182 1059 1225 sinceram
1095 1182 1196 1224 sive
1232 1178 1512 1225 adulteram
1533 1177 1551 1206 2
1587 1181 1778 1240 aptissi-

305 1274 442 1302 mum
487 1264 564 1302 est
608 1257 703 1302 elui
748 1259 1084 1318 siccatamque
1129 1258 1178 1301 in
1221 1259 1394 1317 patina
1437 1271 1562 1301 nova
1606 1257 1678 1300 uri
1723 1271 1780 1301 ac

307 1337 507 1388 versari,
555 1334 712 1379 donec
759 1332 926 1378 favilla
974 1333 1089 1386 fiat3
1154 1339 1330 1394 postea
1378 1335 1556 1378 teritur
1602 1348 1659 1377 ac
1705 1348 1778 1377 re-

306 1410 548 1456 conditur.
619 1410 767 1472 aliqui
818 1413 867 1455 in
916 1409 1076 1456 crudis
1127 1409 1356 1455 fictilibus
1406 1415 1573 1464 urunt,
1621 1408 1780 1455 donec

308 1487 529 1550 figlinum
582 1494 929 1549 percoquatur.
1000 1486 1218 1533 nonnulli
1272 1493 1324 1532 et
1375 1493 1455 1532 tus
1507 1485 1778 1532 masculum

306 1564 597 1610 admiscent.
665 1564 859 1610 lavatur
910 1571 1082 1609 autem
1134 1580 1320 1626 aerugo
1373 1566 1502 1609 sicut
1553 1562 1777 1608 cadmea.

308 1644 377 1687 vis
419 1644 521 1687 eius
561 1641 771 1703 collyriis
813 1640 1064 1687 oculorum
1104 1643 1360 1702 aptissima
1400 1647 1453 1686 et
1491 1639 1777 1686 delacrima-

308 1718 523 1763 tionibus
555 1717 828 1764 mordendo
858 1717 1135 1779 proficiens,
1165 1717 1253 1763 sed
1283 1716 1414 1762 ablui
1447 1719 1777 1762 necessarium

307 1795 543 1856 penicillis
565 1795 753 1849 calidis,
775 1795 933 1840 donec
954 1794 1129 1840 rodere
1152 1794 1362 1840 desinat.

370 1871 580 1917 XXVII.
620 1872 907 1917 Hieracium
948 1878 1154 1917 vocatur
1193 1870 1465 1934 collyrium,
1508 1869 1640 1932 quod
1681 1868 1779 1915 ea3

307 1951 523 1994 maxime
597 1956 808 1994 constat.
878 1954 1190 2010 temperatur
1267 1954 1438 1993 autem
1516 1946 1566 1993 id
1641 1945 1778 1992 ham-

459 2056 473 2079 1
504 2054 651 2094 seclzccl.
679 2054 721 2093 id
747 2055 801 2093 K.
829 2054 874 2093 G.
902 2055 1058 2104 Bailey.

457 2111 472 2134 ²
511 2109 586 2147 VJ.
609 2108 911 2147 adulteratam.

461 2163 477 2187 ³
506 2175 555 2200 ea
581 2161 775 2212 Mayhoff
789 2178 796 2200 :
837 2161 912 2200 illa
936 2160 1103 2211 quidam
1125 2160 1238 2211 apud
1262 2160 1486 2210 Dalecamp
1506 2176 1514 2200 ε
1557 2160 1631 2199 ita.

359 2275 377 2294 ‘²
405 2270 519 2309 Used
539 2270 604 2308 for
633 2269 850 2321 colouring
878 2269 1051 2308 leather.
1111 2269 1199 2308 The
1220 2273 1328 2308 term
1358 2268 1570 2319 probably
1590 2267 1778 2307 includes

307 2323 410 2362 both
438 2336 563 2374 green
593 2323 735 2362 vitriol
765 2337 811 2362 or
830 2324 992 2362 ferrous
1011 2322 1222 2374 sulphate‚
1246 2322 1382 2361 which
1410 2322 1444 2360 is
1465 2335 1542 2360 our
1562 2334 1777 2373 copperaS‚

305 2377 390 2416 and
411 2377 507 2416 blue
528 2377 686 2423 vitriol,
706 2389 752 2415 or
773 2377 913 2428 cuprio
934 2376 1143 2427 sulphate.

363 2431 378 2454 ¹³
406 2430 507 2469 This
525 2431 559 2469 is
574 2435 653 2469 not
668 2436 774 2469 true.

361 2490 376 2509 ⁶
406 2484 464 2523 Or
488 2497 680 2535 sponges.

364 2537 381 2560 ἃ
412 2538 468 2575 As
499 2536 554 2575 K.
588 2538 631 2577 C.
666 2536 813 2587 Bailey
844 2536 1002 2588 rightly
1033 2549 1144 2587 says,
1178 2540 1255 2575 not
1285 2535 1347 2575 sal
1378 2535 1706 2575 Hammoniacus
1737 2536 1780 2584 (a

306 2621 393 2651 210
