1899 3015
206 495 255 531 47

209 1162 259 1199 48

209 1696 259 1732 49

546 223 752 271 PLINY
771 241 781 270 :
836 225 1163 272 NATURAL
1209 225 1503 272 HISTORY

293 353 461 399 Indico
494 353 532 398 Χ
557 368 616 397 xx
633 351 649 380 ¹
679 355 729 397 in
748 351 910 397 libras.
980 355 1029 396 in
1048 351 1294 398 medicina
1322 352 1547 398 Indicum
1573 355 1759 415 rigores

291 428 342 466 et
367 423 583 480 impetus
610 419 754 464 sedat
779 422 1030 480 siccatque
1056 419 1234 464 ulcera.

352 485 590 532 XXVIII.
629 486 865 530 Armenia
892 488 1048 530 mittit
1075 486 1207 547 quod
1236 488 1340 531 eius
1366 488 1564 531 nomine
1593 486 1761 548 appel-

294 554 436 599 latur.
506 552 627 614 lapis
685 559 778 606 est,
834 551 911 597 hic
967 568 1165 613 quoque
1224 551 1556 615 chrysocollae
1615 553 1762 599 modo

292 619 520 673 infectus,
554 622 899 680 optimumque
935 625 1011 664 est
1045 619 1178 680 quod
1211 621 1429 664 maxime
1463 621 1675 664 vicinum
1710 626 1761 665 et

291 688 652 733 communicato
688 685 849 731 colore
885 701 997 730 cum
1033 685 1275 731 caeruleo.
1345 685 1572 731 solebant
1607 686 1761 732 librae

291 757 394 800 eius
445 755 657 798 trecenis
681 753 699 781 2
752 755 965 798 nummis
1016 755 1192 797 taxari.
1260 755 1463 797 inventa
1512 768 1602 814 per
1652 752 1762 798 His-

292 823 460 882 panias
495 818 680 864 harena
716 826 792 864 est
825 818 1034 864 similem
1068 835 1236 864 curam
1270 821 1540 880 recipiens;
1591 822 1761 882 itaque

292 888 353 933 ad
393 887 618 932 denarios
659 902 802 931 senos
843 885 1002 931 vilitas
1043 886 1205 931 rediit.
1274 885 1429 931 distat
1468 901 1497 930 a
1535 886 1762 932 caeruleo

290 953 502 1000 candore
529 952 738 1006 modico,
766 955 849 1014 qui
876 955 1176 998 teneriorem
1202 951 1332 998 hunc
1359 952 1507 998 efficit
1532 952 1759 998 colorem.

291 1037 405 1067 usus
451 1022 501 1065 in
546 1019 792 1065 medicina
838 1019 901 1065 ad
947 1019 1069 1080 pilos
1115 1025 1315 1065 tantum
1361 1018 1562 1065 alendos
1608 1018 1761 1066 habet

290 1089 606 1148 maximeque
639 1089 688 1131 in
720 1085 983 1148 palpebris.

355 1153 541 1199 XXIX.
579 1153 705 1198 Sunt
765 1155 1039 1198 etiamnum
1099 1154 1274 1197 novicii
1333 1151 1432 1198 duo
1491 1151 1675 1198 colores
1735 1168 1762 1198 e

291 1220 558 1266 vilissimis:
610 1219 763 1265 viride
799 1219 913 1265 est3
947 1219 1080 1281 quod
1113 1219 1398 1280 Appianum
1420 1218 1441 1247 4
1475 1225 1678 1264 vocatur
1710 1226 1763 1265 et

291 1286 643 1349 chrysocollam
674 1289 933 1340 mentitur,
964 1302 1055 1332 ceu
1085 1302 1261 1347 parum
1291 1285 1450 1331 multa
1481 1285 1596 1331 ficta
1615 1286 1634 1315 5
1664 1288 1763 1332 sint

292 1353 550 1399 mendacia
589 1356 720 1406 eius3
776 1353 833 1398 fit
871 1369 897 1398 e
935 1360 1071 1398 creta
1109 1353 1266 1407 viridi,
1305 1355 1626 1398 aestimatum
1663 1369 1761 1398 ses-

293 1423 451 1466 tertiis
490 1423 539 1465 in
578 1420 739 1466 libras.
808 1419 966 1465 XXX.
1004 1419 1223 1465 Anulare
1263 1419 1396 1481 quod
1429 1425 1625 1473 vocant,
1649 1435 1762 1465 can-

291 1487 462 1533 didum
510 1493 603 1541 est,
651 1503 749 1548 quo
795 1486 1060 1532 muliebres
1107 1489 1331 1548 picturae
1377 1485 1761 1540 inluminantur3

293 1555 348 1599 fit
378 1560 430 1599 et
459 1556 619 1615 ipsum
651 1569 677 1598 e
708 1560 845 1599 creta
875 1553 1107 1599 admixtis
1138 1555 1305 1599 vitreis
1335 1555 1544 1615 gemmis
1575 1569 1603 1598 e
1632 1552 1761 1616 volgi

292 1620 465 1673 anulis,
502 1620 617 1666 inde
657 1627 708 1666 et
745 1620 946 1665 anulare
984 1620 1187 1665 dictum.

355 1687 540 1732 XXXI.
578 1687 653 1732 Ex
711 1687 937 1732 omnibus
994 1686 1235 1732 coloribus
1291 1684 1532 1732 cretulam
1589 1692 1761 1732 amant

292 1754 489 1815 udoque
528 1753 664 1798 inlini
705 1760 935 1798 recusant
974 1756 1330 1815 purpurissum,
1371 1752 1613 1807 Indicum,
1652 1768 1761 1798 cae-

290 1820 500 1874 ruleum,
548 1819 808 1874 Melinum,
853 1823 1292 1881 auripigmentum,
1336 1820 1639 1881 Appianum,
1683 1835 1760 1865 ce-

291 1903 442 1933 russa.
511 1903 653 1932 cerae
692 1890 954 1950 tinguntur
991 1887 1148 1933 isdem
1186 1886 1259 1932 his
1297 1886 1537 1932 coloribus
1576 1885 1639 1932 ad
1677 1902 1759 1932 eas

525 2013 537 2036 ¹
571 2012 607 2054 >4
634 2024 695 2052 xx
719 2013 782 2052 B:
821 2024 916 2052 xxx
938 2019 1008 2052 aut
1029 2025 1092 2052 xx
1113 2014 1196 2052 rell.

520 2067 534 2089 2
562 2067 741 2105 trecenis
765 2067 828 2105 B:
871 2067 1041 2106 tricenis
1065 2067 1148 2105 rell.

517 2120 532 2143 ³
562 2120 695 2158 viride
719 2124 783 2158 est
808 2120 1002 2171 Mayhoff
1017 2136 1024 2159 :
1069 2119 1234 2158 virides.

517 2174 533 2196 ⁴¹
555 2173 730 2223 fortasse
751 2174 953 2224 apianum
975 2174 1032 2212 vel
1052 2174 1247 2224 apiacum
1270 2173 1382 2224 (item
1402 2174 1419 2223 ξ
1439 2173 1524 2222 49).

517 2228 531 2250 ³
563 2227 662 2265 ficta
685 2227 789 2266 coni.
817 2226 1032 2277 Mayhoff:
1075 2226 1204 2265 dicta.

347 2408 364 2426 ‘²
393 2401 579 2440 Azurite.

345 2456 360 2479 ‘⁷
390 2456 604 2506 Probably
626 2455 787 2494 azurite
809 2454 943 2494 found
966 2454 1107 2494 mixed
1130 2454 1233 2494 with
1253 2467 1379 2506 green
1402 2453 1642 2493 malachite.

344 2515 357 2533 ⁰
387 2510 422 2547 A
458 2508 719 2559 conjectural
757 2508 1032 2547 emendation
1073 2509 1280 2558 apianum
1319 2521 1366 2547 οι·
1402 2509 1599 2558 apiacum
1639 2508 1755 2558 gives

289 2564 297 2577 ‘
315 2562 479 2613 parsley
500 2563 654 2613 green.'
713 2562 755 2600 It
778 2575 861 2600 was
882 2575 904 2600 a
928 2562 1020 2612 clay
1041 2562 1205 2600 stained
1231 2562 1287 2611 by
1308 2561 1467 2600 ferrous
1487 2561 1748 2600 substances.

290 2639 375 2696 296
