1873 3020
571 202 776 250 PLINY
795 222 804 250 :
858 203 1187 250 NATURAL
1235 203 1528 250 HISTORY

320 332 525 394 angulos
566 333 821 394 lineasque
860 349 950 394 per
988 336 1349 388 commissuras,
1388 340 1633 395 tympana
1671 349 1787 379 vero

319 416 371 445 sc
406 403 583 445 iuvene
618 400 889 461 appellata,
922 406 1031 444 tum
1065 416 1093 444 a
1126 402 1327 445 stateris
1362 406 1415 445 et
1446 399 1630 454 lances,
1664 416 1786 462 quas

320 469 511 527 antiqui
537 467 762 528 magides
789 473 1101 512 vocaverant.

214 539 285 576 147
385 533 522 577 LIII.
562 533 665 578 Nec
708 536 848 594 copia
892 535 1086 593 argenti
1131 539 1331 578 tantum
1374 531 1494 578 furit
1536 535 1655 587 vita,
1698 532 1785 578 sed

320 599 506 644 valdius
554 616 713 660 paene
761 602 1084 660 manip1·etiiS‚
1132 599 1282 660 idque
1328 601 1427 643 iam
1473 598 1683 659 pridem,
1730 606 1785 644 ut

319 669 629 727 ignoscamus
665 667 818 711 nobis.
888 664 1146 726 delphinos
1183 668 1342 726 quinis
1377 664 1574 711 milibus
1608 672 1787 711 sester-

319 736 443 778 tium
467 731 481 761 ¹
520 736 568 777 in
596 733 742 778 libras
773 739 967 793 emptos
997 732 1048 777 C.
1081 730 1332 777 Gracchus
1361 730 1554 786 habuit,
1584 731 1640 777 L.
1670 748 1786 777 vero

320 799 522 844 Crassus
551 807 720 845 orator
747 799 868 845 duos
897 797 1106 861 scyphos
1137 797 1382 843 Mentoris
1411 797 1608 844 artificis
1636 815 1785 844 manu

318 866 535 911 caelatos
566 881 624 911 ns
653 866 716 919 c‚²
743 865 995 911 confessus
1023 872 1196 911 tamen
1225 872 1302 911 est
1330 881 1601 926 numquam
1629 868 1684 910 iis
1713 869 1782 911 uti

318 940 521 993 propter
560 933 909 978 verecundiam
951 949 1140 977 ausum.
1210 931 1425 977 scimus3
1468 931 1683 977 eundem
1724 947 1784 976 Hs

212 1006 284 1044 148
319 996 367 1045 ἦ
414 1002 464 1044 in
511 999 728 1061 singulas
776 999 923 1044 libras
971 1015 1087 1044 vasa
1134 1005 1306 1059 empta
1351 997 1598 1044 habuisse.
1667 998 1785 1044 Asia

318 1069 530 1126 primum
558 1066 755 1111 devicta
781 1065 1027 1111 luxuriam
1055 1067 1189 1110 misit
1216 1068 1266 1109 in
1296 1064 1511 1119 Italiam,
1541 1064 1784 1127 siquidem

316 1132 372 1178 L.
396 1132 556 1193 Scipio
576 1136 625 1177 in
647 1131 899 1193 triumpho
922 1132 1177 1177 transtulit
1199 1134 1392 1193 argenti
1415 1130 1596 1177 caelati
1616 1131 1782 1193 pondo

314 1199 447 1244 mille
473 1206 523 1244 et
542 1196 563 1226 4
585 1215 694 1244 cccc
714 1199 733 1228 5
757 1207 808 1244 et
832 1215 1058 1244 vasorum
1083 1214 1344 1244 aureorum
1367 1197 1532 1259 pondo
1555 1213 1629 1243 MD
1652 1214 1782 1244 anno

315 1266 544 1311 conditae
573 1266 704 1311 urbis
734 1281 870 1311 DLn'.
940 1273 991 1311 at
1020 1265 1197 1311 eadem
1225 1265 1343 1310 Asia
1371 1264 1558 1310 donata
1579 1265 1598 1294 6
1625 1264 1783 1311 multo

317 1335 468 1378 etiam
493 1335 688 1394 gravius
714 1332 905 1377 adflixit
929 1348 1107 1386 mores,
1132 1331 1450 1393 inutiliorque
1475 1334 1679 1377 victoria
1700 1331 1780 1376 illa

209 1404 282 1444 149
315 1398 565 1444 hereditas
598 1399 771 1445 Attalo
801 1415 920 1461 rege
951 1406 1146 1444 mortuo
1177 1397 1286 1444 fuit.
1355 1405 1466 1444 tum
1497 1401 1630 1444 enim
1659 1397 1782 1444 haec

317 1466 513 1511 emendi
545 1465 732 1511 Romae
764 1469 814 1510 in
846 1466 1156 1511 auctionibus
1188 1467 1335 1527 regiis
1368 1464 1665 1510 verecundia
1699 1481 1781 1510 ex-

316 1540 485 1593 empta
508 1540 583 1578 est
605 1533 736 1578 urbis
758 1549 885 1577 anno
908 1548 1087 1585 Dcxxn,
1108 1531 1283 1577 mediis
1305 1546 1402 1576 LVII
1424 1534 1563 1577 annis
1585 1531 1780 1577 erudita

315 1603 517 1644 civitate
538 1615 704 1644 amare
725 1602 895 1651 etiam,
915 1616 1012 1644 non
1031 1599 1188 1644 solum
1208 1598 1456 1653 admirari,
1475 1598 1779 1659 opulentiam

317 1674 594 1719 externam,
613 1669 836 1711 inmenso
856 1673 907 1711 et
926 1665 1172 1711 Achaicae
1191 1668 1426 1710 victoriae
1445 1672 1700 1710 momento
1720 1665 1779 1710 ad

316 1732 621 1793 inpellendos
644 1749 820 1787 mores,
843 1748 971 1794 quae
994 1740 1045 1778 et
1065 1735 1171 1793 ipsa
1191 1735 1241 1776 in
1260 1731 1352 1777 hoc
1372 1731 1631 1777 intervallo
1653 1748 1780 1777 anno

369 1861 381 1882 ¹
414 1861 656 1911 sestertium
678 1860 927 1899 Ilardoztz'n:
969 1861 1184 1898 sestertiis.

366 1914 380 1936 2
411 1924 435 1951 C
462 1912 645 1952 Urlichs:
695 1925 733 1952 C.

365 1967 380 1989 3
410 1969 564 2006 scimus
595 1967 809 2018 Mayhoff:
853 1967 1008 2005 scitum
1042 1967 1147 2005 coni.
1176 1966 1280 2005 Ian:
1325 1970 1495 2005 constat
1526 1964 1585 2005 ed.
1617 1966 1774 2005 Basia:

314 2020 435 2059 sicut.

364 2075 379 2096 ‘²
410 2074 525 2111 mille
547 2078 590 2111 et
615 2073 830 2124 Mayhoff:
872 2073 991 2111 milia
1012 2079 1083 2112 aut
1104 2083 1151 2112 M.

369 2127 383 2149 ⁵
413 2137 517 2165 coco
544 2127 607 2165 B:
651 2137 761 2165 coer.
785 2127 868 2165 rell.

367 2180 382 2203 ‘³'
411 2182 576 2219 domita
595 2179 654 2218 cd.
676 2180 775 2218 Par.
797 2181 925 2220 6801:
958 2179 1135 2218 domata
1157 2179 1290 2218 Gelan.

362 2334 379 2350 ‘²
408 2328 482 2366 Le.
514 2329 612 2365 Asia
638 2328 776 2365 Minor
801 2327 886 2365 and
913 2326 1048 2377 Syria,
1076 2340 1203 2378 peace
1230 2326 1387 2378 having
1414 2327 1519 2366 been
1545 2326 1778 2366 concluded

307 2381 410 2419 with
433 2382 546 2429 King
568 2381 806 2419 Antiochus
828 2382 870 2418 in
895 2382 970 2419 189
994 2392 1077 2419 Β.(“.

366 2435 380 2458 ⁶
409 2434 582 2472 Attalus
606 2434 687 2478 111,
713 2435 825 2484 King
846 2434 894 2472 of
910 2434 1163 2484 Pergamum
1188 2435 1369 2472 138-133
1393 2445 1489 2479 B.C.,
1514 2433 1778 2483 bequeathed

305 2488 368 2526 his
388 2488 590 2538 kingdom
611 2492 656 2526 to
678 2488 826 2526 Rome.
886 2487 989 2526 Part
1009 2486 1056 2525 of
1072 2488 1106 2525 it
1127 2487 1298 2525 became
1317 2487 1391 2525 the
1411 2488 1610 2538 province
1629 2487 1742 2526 Asia.

360 2547 372 2564 ⁶
402 2542 474 2579 IJJ.
503 2542 573 2579 llic
600 2542 863 2579 destruction
889 2542 936 2579 of
956 2540 1129 2579 Corinth
1159 2541 1213 2591 by
1240 2542 1285 2578 L.
1312 2541 1555 2586 Mummius,
1585 2542 1660 2579 146
1686 2551 1766 2579 B.c.

309 2633 394 2663 110
