1899 3015
231 585 276 623 91

234 1122 285 1156 (δί,

270 1118 285 1139 ν

564 182 807 229 PLINY:
866 181 1194 228 NATURAL
1235 179 1531 227 HISTORY

313 310 444 373 quod
482 310 657 356 deerat
694 312 900 371 corpori,
938 311 1161 370 picturae
1199 307 1373 353 deesse
1395 307 1412 335 1
1450 309 1614 368 potius
1653 305 1785 351 vide-

314 385 466 430 retur,
491 384 790 438 tantumque
817 391 926 421 eam
951 382 1147 436 partem
1172 391 1199 419 e
1223 373 1348 419 facie
1373 373 1611 427 ostendit,
1636 388 1784 434 quam

315 452 472 489 totam
509 450 707 504 poterat
743 442 1023 488 ostendere.
1092 448 1209 486 sunt
1243 444 1374 485 inter
1408 456 1560 502 opera
1594 442 1698 484 eius
1735 445 1786 484 et

315 513 673 572 exspirantium
736 505 992 569 im'agines.
1062 524 1189 570 quae
1253 514 1423 552 autem
1487 505 1787 551 nobilissima

314 581 429 631 sint,
475 593 572 621 non
619 583 695 621 est
740 575 882 620 facile
928 575 1080 620 dictu.
1149 574 1396 619 Venerem
1443 579 1715 618 exeuntem
1759 588 1786 616 e

316 647 436 689 mari
470 643 610 689 divus
645 644 903 704 Augustus
936 642 1118 687 dicavit
1156 644 1205 685 in
1237 640 1444 686 delubro
1478 642 1631 700 patris
1664 638 1787 684 Cae-

315 713 451 764 saris,
495 725 622 771 quae
670 709 1014 771 anadyomene
1056 714 1276 761 vocatur,
1319 707 1540 751 versibus
1585 705 1786 751 Graecis

316 777 402 823 tali
436 777 625 838 opere,2
658 775 811 821 dum³
845 775 1093 828 laudatur,
1128 777 1257 819 victo
1280 773 1299 801 4
1326 773 1414 819 sed
1435 773 1454 801 5
1482 772 1788 817 inlustrato.⁶

316 847 452 890 cuius
506 842 788 887 inferiorem
843 848 1037 903 partem
1089 847 1373 901 corruptam
1426 842 1509 901 qui
1562 838 1790 884 reficeret

318 927 414 956 non
464 913 628 971 potuit
678 911 896 970 reperiri,
948 924 1117 953 verum
1166 910 1273 968 ipsa
1320 909 1497 951 iniuria
1545 907 1693 951 cessit
1740 908 1790 950 in

316 977 522 1040 gloriam
590 976 803 1021 artificis.
881 977 1140 1020 consenuit
1205 973 1327 1019 haec
1394 972 1566 1018 tabula
1643 974 1790 1026 carie,

318 1044 564 1104 aliamque
604 1059 691 1104 pro
732 1058 791 1087 ea
828 1042 1088 1087 substituit
1127 1040 1258 1085 Nero
1297 1043 1347 1085 in
1385 1042 1664 1101 principatu
1703 1055 1791 1084 suo

320 1109 561 1156 Dorothei
630 1126 796 1154 manu.
867 1108 1067 1169 Apelles
1137 1106 1456 1152 inchoaverat
1525 1112 1576 1151 et
1645 1104 1791 1150 aliam

318 1177 565 1223 Venerem
625 1175 752 1230 Coi‚⁷
814 1182 1136 1236 superaturus
1200 1174 1393 1218 etiam8
1457 1172 1591 1217 illam
1652 1188 1791 1218 suam

320 1247 548 1306 priorem.
618 1243 794 1288 invidit
862 1258 991 1286 mors
1061 1247 1265 1302 peracta
1328 1246 1488 1301 parte,
1552 1254 1644 1284 nec
1708 1241 1791 1300 qui

320 1310 611 1356 succederet
642 1312 778 1370 operi
811 1309 873 1354 ad
904 1311 1208 1369 praescripta
1239 1307 1530 1351 liniamenta
1560 1309 1791 1351 inventus

321 1385 411 1422 est.
482 1379 641 1438 pinxit
672 1383 723 1421 et
752 1375 1094 1420 Alexandrum
1127 1373 1372 1436 Magnum
1401 1372 1590 1418 fulmen
1618 1379 1793 1417 tenen-

322 1452 424 1489 tem
452 1446 501 1488 in
527 1443 716 1504 templo
743 1441 990 1504 Ephesiae
1019 1441 1212 1487 Dianae
1240 1442 1414 1502 viginti
1441 1439 1644 1484 talentis
1671 1441 1791 1484 auri.

322 1510 462 1572 digiti
509 1513 728 1554 eminere
774 1509 1006 1554 videntur
1051 1515 1103 1553 et
1148 1507 1335 1553 fulmen
1383 1513 1526 1551 extra
1569 1505 1793 1551 tabulam

323 1576 721 1638 esse—legentes
790 1578 1109 1621 meminerint
1184 1577 1347 1619 onmia
1423 1589 1482 1618 ea
1557 1578 1795 1634 quattuor

322 1644 562 1689 coloribus
631 1642 791 1695 facta3
882 1643 1235 1702 manipretium
1305 1644 1408 1685 eius
1476 1639 1677 1684 tabulae
1744 1642 1793 1683 in

325 1727 525 1756 nummo
547 1710 565 1738 ⁹
601 1725 751 1765 aureo
773 1706 816 1739 1⁰
851 1724 1084 1754 mensura
1104 1704 1142 1735 1¹
1185 1710 1393 1768 accepit,
1430 1722 1529 1752 non
1569 1721 1791 1751 numero.

390 1858 403 1880 1
433 1857 578 1896 adesse
599 1857 704 1895 coni.
729 1856 930 1907 Mayhoff.

387 1911 401 1934 ²
430 1916 654 1961 tantopere
676 1910 712 1948 F
716 1910 870 1948 rolmer.

386 1965 401 1987 ³
431 1977 536 2002 aevo
558 1964 660 2001 dum
681 1963 725 2002 J.
751 1964 917 2002 Milller.

386 2018 401 2040 ⁴
431 2018 545 2055 victa
581 2016 666 2055 edd.
707 2023 822 2055 vest:
878 2016 1038 2055 invicto
1074 2014 1385 2055 Schneidewin:
1440 2013 1546 2052 vitio
1582 2012 1793 2052 Fralmer:

334 2071 474 2119 <aevis
497 2071 637 2118 victa>
661 2070 862 2120 sslayhoff.

390 2124 404 2147 ⁵
435 2129 499 2162 est
522 2124 713 2162 Frdhner.

390 2177 405 2200 ⁶
432 2177 645 2215 illustrata
668 2176 753 2215 edd.
780 2182 893 2215 vett.:
936 2175 1125 2214 versibus
1147 2174 1316 2214 Graecis
1345 2174 1447 2213 dum
1477 2173 1690 2218 laudatur,
1715 2172 1792 2212 tali

334 2231 646 2322 ‘'¹)?r‘{'<la‘³(yi·s>
671 2231 798 2275 victo,
823 2229 894 2268 sed
919 2229 1146 2267 inlustrato
1169 2229 1274 2267 coni.
1300 2227 1506 2278 sslayhoff.

481 2314 518 2322 ..
559 2296 648 2321 sols.

389 2339 404 2362 ⁸
448 2337 517 2375 [ll.
541 2337 728 2375 famam:
770 2335 884 2374 fama
911 2334 1086 2373 Urlichs.

391 2392 406 2414 ⁹
437 2391 479 2429 in
504 2403 679 2428 numero
703 2388 761 2427 cd.
789 2389 885 2427 Par.
913 2390 1014 2427 6801
1037 2404 1045 2427 :
1088 2388 1274 2426 immane
1297 2387 1356 2425 cd.
1383 2387 1492 2425 Flor.
1519 2386 1628 2424 Rioc.

373 2446 406 2467 ¹0
435 2456 538 2482 auro
561 2443 658 2481 olim
682 2442 802 2481 Gelen
826 2441 916 2491 (del.
942 2443 1136 2490 nummo)
1156 2456 1163 2480 :
1205 2453 1353 2479 aureos
1375 2439 1461 2478 edd.
1488 2445 1577 2478 vett.

375 2498 405 2521 ¹¹
446 2497 518 2536 VJ.
543 2509 795 2535 mensuram.

331 2602 418 2659 328
