1873 3020
271 793 320 831 33

270 1259 322 1297 34

604 191 808 237 PLINY
827 213 836 242 2
894 191 1220 238 NATURAL
1266 191 1558 238 HISTORY

355 320 628 374 Lucanum,
684 323 765 381 qui
819 319 1060 365 Thurinos
1115 320 1188 364 bis
1243 318 1585 365 infestaverat.
1651 319 1714 365 ob
1766 318 1816 364 id

352 386 550 433 Aelium
590 386 794 431 Thurini
835 393 1004 432 statua
1049 393 1101 431 et
1141 402 1322 432 corona
1361 401 1513 431 aurea
1551 385 1814 431 donarunt.

352 453 502 499 iidem
553 460 729 514 postea
779 453 1056 498 Fabricium
1106 452 1354 498 donavere
1403 459 1574 498 statua
1622 452 1817 498 liberati

352 520 624 574 obsidione,
681 523 964 581 passimque
1020 519 1237 581 gentes1
1293 522 1342 564 in
1397 518 1654 564 clientelas
1708 518 1818 564 ita²

352 594 605 648 receptae,
656 594 709 632 et
758 586 884 631 adeo
933 585 1196 631 discrimen
1247 601 1392 631 omne
1442 585 1712 640 sublatum,
1760 591 1819 630 ut

354 652 646 698 Hannibalis
679 656 832 698 etiam
863 659 1063 698 statuae
1095 652 1251 698 tribus
1283 652 1398 697 locis
1428 655 1650 697 visantur
1678 655 1728 697 in
1758 667 1818 696 ea

353 720 493 774 urbe,
517 723 654 765 cuius
678 722 810 765 intra
834 735 998 765 muros
1023 719 1151 764 solus
1175 718 1392 765 hostium
1418 721 1582 764 emisit
1603 718 1816 764 hastam.

415 786 548 831 XVI.
589 786 759 831 Fuisse
791 793 962 831 autem
997 789 1296 831 statuariam
1331 792 1491 831 artem
1525 784 1818 830 familiarem

355 853 533 898 Italiae
574 869 771 914 quoque
813 860 866 898 et
905 859 1175 907 vetustam,
1215 852 1436 897 indicant
1476 851 1716 898 Hercules
1755 851 1818 896 ab

354 919 587 965 Euandro
627 926 867 973 sacratus,
907 926 964 965 ut
1002 919 1238 980 produnt,
1277 922 1327 964 in
1365 917 1470 964 foro
1508 919 1696 973 boario,
1735 920 1818 980 qui

352 986 666 1047 triumphalis
711 993 916 1032 vocatur
960 993 1113 1047 atque
1158 1001 1246 1047 per
1290 984 1566 1046 triumphos
1610 988 1819 1030 vestitur

353 1053 528 1098 habitu
554 1052 860 1114 triumphali,
885 1060 1149 1114 praeterea
1175 1052 1324 1098 Ianus
1349 1055 1576 1114 geminus
1601 1068 1629 1097 a
1657 1051 1817 1096 Numa

352 1135 470 1182 rege
509 1119 721 1174 dicatus,
760 1123 842 1181 qui
882 1122 1016 1181 pacis
1054 1119 1271 1180 bellique
1311 1126 1607 1181 argumento
1643 1118 1819 1164 colitur

352 1186 519 1248 digitis
549 1189 621 1232 ita
653 1186 894 1248 figuratis,
924 1193 981 1231 ut
1011 1201 1150 1231 CCCLv
1169 1185 1189 1214 3
1218 1186 1408 1231 dierum
1441 1193 1561 1231 nota
1579 1185 1600 1214 4
1629 1192 1682 1231 et
1711 1188 1818 1231 aevi

354 1269 460 1298 esse
498 1252 649 1298 deum
686 1252 947 1298 indicent.5
1010 1256 1151 1314 signa
1189 1269 1386 1314 quoque
1423 1252 1695 1298 Tuscanica
1731 1267 1820 1313 per

351 1327 510 1365 terras
539 1319 761 1381 dispersa
791 1323 909 1381 quin
931 1319 950 1348 ⁶
981 1322 1030 1364 in
1062 1319 1261 1365 Etruria
1289 1318 1523 1365 factitata
1551 1319 1693 1374 sint,'⁷
1721 1334 1818 1364 non

353 1393 431 1431 est
461 1386 682 1431 dubium.
749 1386 956 1432 deorum
986 1393 1187 1431 tantum
1218 1393 1449 1447 putarem
1482 1402 1542 1431 ea
1571 1385 1740 1440 fuisse,
1769 1387 1819 1430 ni

356 1452 676 1498 Metrodorus
739 1452 983 1514 Scepsius,
1045 1456 1122 1499 cui
1183 1469 1459 1515 cognomen
1520 1469 1549 1497 a
1610 1451 1816 1498 Romani

352 1523 560 1565 nominis
607 1520 719 1565 odio
764 1520 978 1566 inditum
1025 1527 1118 1574 est,
1164 1527 1368 1581 propter
1412 1534 1493 1565 MM
1538 1526 1818 1565 statuarum

352 1586 594 1632 Volsinios
666 1593 980 1649 expugnatos
1050 1586 1286 1632 obiceret.
1353 1589 1632 1648 mirumque
1699 1584 1816 1631 mihi

419 1694 433 1717 1
461 1698 608 1745 gentes
633 1694 748 1733 cdd„
793 1694 966 1733 clientes
993 1694 1139 1733 Gelan:
1184 1698 1354 1733 statuae
1380 1693 1466 1733 edd.
1496 1700 1586 1733 vett.

416 1747 431 1770 2
469 1748 543 1787 m.
573 1747 768 1786 clientela
796 1761 899 1787 sua:
946 1752 1046 1786 sunt
1073 1747 1159 1787 edd.
1192 1754 1282 1787 vett.

416 1801 431 1824 ³
460 1811 598 1840 cchv
624 1800 710 1840 edd.
734 1805 819 1839 vett.
840 1817 848 1840 ε
893 1811 1076 1840 cchxv.

415 1854 432 1878 ⁴
459 1859 564 1893 nota
590 1860 665 1893 aut
692 1868 765 1905 per
791 1855 1144 1905 significationem
1171 1854 1271 1893 anni
1298 1854 1503 1906 temporis
1526 1853 1637 1894 cdd.:
1669 1851 1817 1893 seclud.

360 1912 437 1946 aut
460 1939 468 1947 .
493 1939 501 1947 .
526 1939 534 1947 .
557 1909 761 1957 temporis
787 1909 838 1947 M
840 1908 990 1959 ayhoff.

419 1961 433 1984 ⁵
462 1962 650 2001 indicent
673 1963 711 2000 B
730 1978 737 2000 :
779 1961 938 2000 indicet
961 1962 1044 2001 rell.
1066 1978 1074 2000 ;
1117 1960 1324 2000 indicaret
1347 1960 1433 2000 edd.
1460 1966 1550 2000 vett.

418 2015 434 2038 ⁶
464 2016 565 2065 quin
587 2015 818 2066 Detlefsen:
859 2029 967 2066 quae
988 2016 1090 2066 quin
1117 2015 1305 2054 Urlichs:
1346 2028 1466 2065 quae.

420 2069 434 2092 ⁷
463 2070 549 2108 sint
574 2070 638 2108 B:
682 2081 760 2108 om.
787 2069 871 2108 rell.

405 2207 423 2226 ‘¹
452 2202 588 2241 When
604 2202 656 2240 he
673 2215 791 2242 came
807 2216 864 2254 up
881 2207 928 2241 to
945 2202 1017 2241 the
1035 2202 1152 2241 walls
1168 2202 1217 2240 of
1228 2202 1366 2240 Rome
1381 2202 1425 2240 in
1442 2203 1516 2241 211
1537 2214 1618 2241 B.C.
1637 2201 1819 2241 without

350 2255 572 2306 attacking
594 2255 667 2294 the
690 2256 791 2306 city.

409 2309 424 2333 ¹>
454 2309 735 2360 Presumably
758 2309 876 2347 three
899 2309 1051 2359 fingers
1075 2308 1122 2346 of
1141 2321 1219 2347 one
1242 2308 1357 2347 hand
1381 2308 1506 2347 made
1527 2308 1609 2354 111,
1634 2308 1706 2347 the
1729 2308 1819 2346 first

351 2362 481 2413 finger
509 2362 594 2401 and
626 2362 780 2401 thumb
809 2362 856 2400 of
887 2362 983 2400 that
1013 2362 1127 2400 hand
1158 2362 1206 2408 V,
1237 2362 1322 2400 and
1351 2361 1424 2400 the
1452 2361 1545 2400 first
1573 2361 1704 2412 finger
1733 2361 1817 2399 and

352 2416 505 2455 second
531 2416 662 2466 finger
687 2416 735 2454 of
755 2415 827 2454 the
853 2415 974 2454 other
1000 2415 1114 2453 hand
1140 2415 1189 2461 V,
1217 2415 1290 2453 the
1315 2415 1470 2454 thumb
1495 2414 1580 2453 and
1606 2415 1679 2453 the
1704 2414 1818 2453 third

350 2469 434 2508 and
462 2469 574 2507 little
601 2469 732 2520 finger
759 2469 808 2507 of
831 2469 928 2507 that
955 2468 1071 2507 hand
1100 2469 1223 2519 being
1252 2469 1354 2507 bent
1381 2468 1467 2507 and
1494 2473 1572 2507 not
1600 2469 1815 2518 counting.

351 2522 438 2561 The
454 2522 570 2562 MSS.
585 2522 693 2561 have
711 2524 788 2562 365
806 2522 959 2572 (which
975 2522 1154 2561 number
1168 2535 1253 2561 was
1270 2526 1348 2561 not
1363 2521 1479 2560 valid
1500 2521 1612 2561 until
1627 2521 1818 2561 Caesar‘s

357 2612 440 2659 152
