1873 3020
203 788 253 826 67

201 1598 252 1635 68

201 2039 251 2076 <59

545 209 751 259 PLINY
770 231 780 260 ε
834 211 1162 261 NATURAL
1208 213 1503 263 HISTORY

289 349 505 396 erutum,
543 343 738 387 tribusl
779 343 962 388 modis:
1019 343 1277 389 fluminum
1316 347 1572 398 ramentis,
1616 351 1672 391 ut
1706 347 1754 390 in

287 415 424 477 Tago
481 415 770 477 Hispaniae,
829 416 965 462 Pado
1022 416 1218 472 Italiae,
1276 417 1447 463 Hebro
1501 417 1757 472 Thraciae,

289 488 491 534 Pactolo
526 489 693 543 Asiae,
729 490 907 551 Gange
945 490 1135 545 Indiae,
1171 507 1262 536 nec
1296 490 1450 536 ullum
1484 490 1757 537 absolutius

286 578 460 607 aurum
485 569 579 616 est,
603 570 660 608 ut
681 579 824 608 cursu
851 565 956 624 ipso
978 567 1257 626 attrituque
1280 563 1597 626 perpolitum.
1662 563 1757 610 alio

286 635 432 681 modo
484 643 750 697 puteorum
802 636 1054 683 scrobibus
1108 636 1340 683 effoditur
1385 644 1474 684 aut
1520 639 1570 682 in
1615 639 1757 683 ruina

286 712 530 754 montium
561 712 818 772 quaeritur
838 710 884 764 23
932 717 1145 773 utraque
1176 714 1303 756 ratio
1331 711 1541 757 dicatur.

349 782 541 827 Aurum
577 786 659 845 qui
695 790 961 845 quaerunt,
995 790 1114 830 ante
1148 787 1313 829 omnia
1345 783 1591 846 segullum
1613 784 1633 813 ³
1665 783 1756 830 tol-

288 855 423 909 lunt3
467 859 539 901 ita
567 863 773 902 vocatur
798 856 1049 903 indicium.
1117 857 1285 903 alveus
1313 856 1391 903 hic
1419 864 1497 903 est
1522 856 1756 911 harenae,

287 945 415 990 quae
446 929 658 984 lavatur,
689 937 843 992 atque
875 947 936 976 ex
969 946 1045 985 eo,
1077 931 1209 992 quod
1240 931 1444 986 resedit,
1473 933 1756 977 coniectura

285 1007 494 1064 capitur.
561 1006 812 1048 invenitur
876 1004 1143 1066 aliquando
1208 1007 1256 1049 in
1321 1020 1514 1050 summa
1577 1003 1756 1050 tellure

285 1079 506 1137 protinus
532 1093 643 1121 rara
674 1076 935 1131 felicitate,
962 1084 1017 1123 ut
1043 1094 1202 1139 nuper
1227 1081 1275 1123 in
1303 1077 1558 1123 Delmatia
1581 1080 1755 1139 princi-

287 1157 407 1210 patu
456 1149 665 1195 Neronis
710 1150 914 1213 singulis
959 1150 1135 1196 diebus
1181 1154 1334 1197 etiam
1380 1154 1756 1213 quinquagenas

289 1222 434 1267 libras
478 1222 708 1269 fundens.
776 1241 888 1269 cum
933 1228 1005 1269 ita
1049 1227 1306 1270 inventum
1353 1231 1430 1270 est
1472 1227 1522 1269 in
1563 1240 1757 1270 summo

284 1300 524 1358 caespite,
546 1296 780 1342 talutium
799 1297 817 1325 4
841 1304 1036 1351 vocant,
1059 1300 1097 1342 si
1128 1305 1180 1343 et
1202 1314 1377 1343 aurosa
1399 1297 1546 1343 tellus
1567 1297 1754 1344 subest.

284 1377 453 1415 cetero
488 1377 684 1416 montes
723 1370 1095 1432 Hispaniarum,
1131 1371 1252 1416 aridi
1289 1371 1583 1432 sterilesque
1620 1377 1672 1416 et
1706 1374 1755 1416 in

285 1443 462 1504 quibus
495 1443 612 1489 nihil
642 1443 776 1489 aliud
806 1448 1061 1507 gignatur,
1091 1444 1203 1490 huic
1224 1445 1242 1473 5
1270 1444 1401 1490 bono
1430 1443 1619 1490 fertiles
1648 1460 1755 1490 esse

284 1524 544 1578 coguntur.

346 1590 493 1648 Quod
524 1595 688 1652 puteis
718 1590 922 1646 foditur,
951 1592 1243 1638 canalicium
1277 1599 1472 1646 vocant,
1501 1591 1581 1636 alii
1610 1607 1755 1637 cana-

286 1664 455 1719 liense,
492 1669 747 1710 marmoris
783 1665 986 1727 glareae
1023 1664 1304 1720 inhaerens,
1341 1682 1437 1710 non
1474 1664 1556 1710 illo
1591 1664 1754 1719 modo,

285 1754 382 1799 quo
417 1741 463 1782 in
499 1742 692 1784 oriente
714 1747 731 1772 θ
765 1742 964 1800 sappiro
997 1746 1150 1801 atque
1184 1738 1434 1784 Thebaico
1466 1738 1672 1800 aliisque
1705 1741 1753 1783 in

282 1815 492 1872 gemmis
525 1811 780 1867 scintillat,
809 1812 897 1857 sed
926 1816 1113 1858 micans
1134 1813 1152 1842 ⁷
1180 1812 1415 1874 amplexu
1433 1812 1452 1841 8
1481 1815 1752 1857 marmoris.

284 1892 529 1946 vagantur
554 1884 601 1930 hi
628 1901 866 1931 venarum
891 1885 1090 1932 canales
1116 1902 1206 1947 per
1228 1885 1388 1931 latera
1413 1892 1678 1948 puteorum
1702 1892 1754 1931 et

284 1957 378 2003 huc
426 1958 555 2013 illuc,
603 1959 718 2004 inde
767 1963 966 2005 nomine
1014 1963 1235 2014 invento,
1282 1959 1531 2021 tellusque
1579 1958 1753 2020 ligneis

282 2031 520 2077 columnis
551 2032 887 2094 suspenditur.
956 2032 1088 2095 quod
1121 2031 1350 2078 effossum
1383 2039 1477 2087 est,
1508 2031 1754 2086 tunditur,

352 2129 363 2150 1
395 2130 531 2167 tribus
555 2130 711 2180 Berylc:
754 2130 870 2181 apud
894 2143 970 2169 nos
994 2131 1143 2169 tribus.

348 2183 362 2205 2
393 2184 610 2232 quaeritur
638 2183 701 2223 B:
749 2196 878 2234 quare
905 2185 988 2223 rell.

350 2236 364 2259 ³
404 2237 475 2274 1'.l.
499 2237 740 2287 segutilum.

347 2289 361 2311 ⁴
392 2290 594 2328 talutium
641 2290 704 2329 B:
758 2290 1010 2328 talutatium
1056 2291 1170 2329 τελε
1221 2290 1453 2328 alutatium
1496 2289 1746 2331 Hardouin:

291 2343 519 2381 alutiatum
542 2345 719 2382 Gronov:
751 2356 808 2381 an
828 2344 1011 2382 alutium
1033 2342 1100 2394 (cf.
1123 2343 1332 2388 XXXIV,
1358 2345 1482 2393 l57)?

347 2396 362 2419 ⁵
392 2396 470 2434 hoc
493 2398 597 2435 coni.
629 2396 921 2446 Warminqton.

349 2449 364 2471 ⁶
395 2450 568 2488 orientis
589 2451 693 2488 coni.
718 2450 920 2501 Illayhosf.

350 2503 363 2525 ⁷
394 2504 554 2541 micans
575 2503 656 2542 B2:
696 2505 839 2542 micas.

347 2556 362 2579 ⁸
392 2556 591 2606 amplexu
614 2556 875 2595 Salmasius:
915 2557 1176 2608 amplexum.

282 2625 335 2670 52
