1873 3020
512 183 747 230 PLINY:
801 183 1128 230 NATURAL
1174 184 1469 230 HISTORY

266 317 367 358 riae
392 312 545 373 gloria
573 315 859 358 existimata
885 319 978 365 est,
1004 311 1189 357 habere
1214 312 1346 374 quod
1371 319 1539 373 posset
1561 315 1733 358 statim

267 383 426 441 perire
451 387 630 424 totum.
700 395 790 424 nec
815 378 906 424 hoc
929 378 1026 424 fuit
1048 382 1184 424 satiS.
1251 379 1399 424 turba
1422 395 1732 441 gemmarum

268 454 497 507 potamus
516 453 567 491 et
587 445 864 507 zmaragdis
883 448 1100 490 teximus
1120 445 1314 499 calices,
1330 462 1386 491 ac
1405 445 1734 491 temulentiae

266 530 414 558 causa
440 520 614 558 tenere
641 511 835 557 Indiam
861 515 1012 557 iuvat.
1081 528 1255 557 aurum
1278 515 1378 557 iam
1402 515 1616 557 accessio
1641 519 1732 557 est.

223 589 246 625 6
274 580 364 624 ΙΙΙ.
414 582 708 640 utinamque
754 585 923 640 posset
971 594 998 624 e
1045 581 1148 623 vita
1206 582 1255 623 in
1303 585 1467 624 totum
1514 578 1731 624 abdicari

267 646 479 709 [sacrum
535 645 686 700 fame,
743 652 800 691 ut
855 645 1162 691 celeberrimi
1220 652 1447 690 auctores
1503 644 1695 709 dixere]
1715 644 1734 674 1

265 716 557 774 proscissum
577 715 804 757 conviciis
823 712 885 757 ab
903 715 1102 773 optimis
1123 712 1401 773 quibusque
1421 718 1473 757 et
1490 711 1554 757 ad
1572 714 1734 773 perni-

265 783 390 825 ciem
420 783 553 824 vitae
583 785 855 840 repertum,
884 785 1074 840 quanto
1102 777 1319 823 feliciore
1348 794 1487 832 aevo,
1515 795 1628 824 cum
1657 794 1732 823 res

266 850 402 908 ipsae
446 846 864 907 permutabantur
905 849 1037 890 inter
1079 861 1204 899 sese,
1248 848 1375 890 sicut
1419 851 1472 890 et
1512 845 1733 890 Troianis

265 913 572 974 temporibus
607 911 895 957 factitatum
932 911 1151 957 Homero
1185 912 1318 957 credi
1353 912 1609 957 convenit!
1662 914 1732 957 ita

267 983 416 1033 euim,
453 986 508 1024 ut
545 982 733 1040 opinor,
769 981 1063 1024 commercia
1101 981 1256 1023 victus
1292 981 1455 1040 gratia
1489 975 1734 1023 inventa.2

223 1053 245 1089 7
269 1046 387 1091 alios
414 1049 553 1091 coriis
581 1047 750 1100 boum,
777 1045 895 1090 alios
922 1044 1053 1090 ferro
1078 1048 1387 1106 captivisque
1414 1061 1490 1090 res
1510 1044 1530 1073 3
1557 1047 1735 1106 empti-

265 1120 399 1159 tasse
435 1112 605 1158 tradit.
674 1111 868 1174 quare‚4
904 1128 1206 1173 quamquam
1247 1115 1352 1172 ipse
1391 1114 1489 1156 iam
1529 1114 1734 1157 mirator

267 1179 412 1233 auri,5
448 1196 625 1241 pecore
653 1179 672 1207 6
707 1181 1081 1224 aestimationes
1117 1195 1281 1223 rerum
1322 1182 1393 1223 ita
1433 1177 1571 1231 fecit,
1606 1184 1664 1223 ut
1704 1193 1730 1222 c

266 1247 415 1291 boum
445 1263 581 1291 arma
610 1262 761 1291 aurea
789 1252 1101 1306 permutasse
1131 1245 1375 1290 Glaucum
1404 1244 1594 1290 diceret
1621 1261 1732 1290 cum

268 1313 523 1358 Diomedis
567 1316 713 1358 armis
750 1328 861 1357 vl111
906 1312 1072 1357 boum.
1142 1328 1202 1356 ex
1240 1328 1337 1373 qua
1373 1311 1733 1357 consuetudine

265 1379 424 1425 multa
483 1379 647 1441 legum
708 1382 1026 1441 antiquarum
1086 1394 1264 1440 pecore
1323 1385 1522 1424 constat
1580 1381 1731 1424 etiam

267 1447 470 1492 Romae.

220 1521 244 1558 8
333 1512 416 1558 IV.
456 1512 731 1558 Pessimum
755 1515 889 1557 vitae
921 1511 1078 1557 scelus
1104 1510 1224 1557 fecit
1249 1514 1332 1574 qui
1357 1514 1542 1573 primus
1571 1509 1733 1556 induit

265 1579 452 1641 digitis,
484 1595 574 1624 nec
607 1578 697 1624 hoc
729 1582 836 1640 quis
868 1577 1045 1624 fecerit
1076 1578 1307 1623 traditur.
1375 1594 1492 1623 nam
1523 1577 1586 1623 de
1618 1576 1733 1623 Pro-

264 1645 467 1692 metheo
523 1649 687 1692 omnia
742 1644 966 1691 fabulosa
1023 1645 1251 1699 arbitror,
1306 1660 1610 1706 quamquam
1664 1643 1730 1689 illi

265 1729 463 1774 quoque
481 1712 697 1758 ferreum
715 1712 918 1757 anulum
936 1712 1077 1758 dedit
1094 1715 1366 1774 antiquitas
1384 1711 1732 1772 vinculumque

265 1779 331 1834 id,
369 1796 467 1825 non
502 1786 783 1841 gestamen,
819 1779 1043 1840 intellegi
1080 1778 1250 1824 voluit.
1320 1777 1493 1824 Midae
1530 1777 1731 1839 quidem

265 1846 484 1900 anulum,
523 1863 621 1908 quo
657 1849 956 1891 circumacto
993 1845 1266 1891 habentem
1304 1861 1450 1891 nemo
1487 1851 1732 1897 cerneret,

331 1957 345 1980 1
373 1956 546 1995 Seclusit
565 1957 609 1995 J.
634 1957 801 1996 Μᾱῖἰεν.

327 2011 342 2033 ²
371 2011 546 2049 inventa
566 2009 627 2049 cd.
650 2011 747 2048 Par.
771 2011 872 2049 6801
895 2025 903 2048 :
943 2010 1112 2048 invecta
1132 2010 1215 2048 rell.

327 2064 342 2087 ³
374 2077 437 2102 res
458 2064 689 2115 Dellefsen:
738 2075 901 2102 merum
930 2064 1034 2102 coni.
1067 2063 1175 2101 Ian:
1228 2063 1374 2101 vinum
1405 2062 1561 2112 Berylc:
1608 2061 1732 2101 rebus

276 2117 385 2155 codd.
419 2121 550 2166 (rerus
581 2118 664 2155 131:
713 2120 805 2155 reru
836 2117 923 2164 B2).

327 2171 345 2246 ἒ
374 2183 504 2263 quare
527 2170 741 2231 illa-yhoff:
761 2173 866 2230 ‘qua
887 2170 941 2208 Β2
961 2185 968 2208 :
1009 2172 1093 2219 qua
1114 2169 1171 2207 Β1
1190 2184 1198 2208 :
1237 2182 1315 2208 om.
1338 2169 1421 2208 rell.

420 2255 427 2262 .
450 2254 456 2261 .
482 2236 537 2261 mi
563 2238 585 2261 a
612 2236 659 2261 us
680 2236 783 2261 aurl.

330 2277 345 2300 Β
374 2290 523 2328 pecore
542 2229 778 2326 rfli‘ayhoff:
819 2288 893 2326 pec
914 2291 922 2314 :
956 2275 1010 2313 Β1
1035 2288 1111 2326 pec
1126 2275 1205 2313 132:
1242 2279 1285 2313 et
1305 2281 1375 2314 aut
1396 2289 1473 2314 om.
1496 2275 1579 2314 rell.

321 2409 338 2427 ‘²
366 2403 454 2441 The
481 2403 596 2442 MSS.
625 2403 721 2441 here
749 2403 877 2441 insert
904 2416 928 2440 a
955 2402 1094 2441 clause
1121 2404 1148 2451 (ι
1169 2403 1368 2441 accursed
1396 2403 1452 2453 by
1480 2402 1654 2453 hunger,
1683 2415 1729 2440 as

269 2470 366 2506 very
387 2457 554 2494 famous
576 2457 733 2494 writers
754 2456 860 2494 have
880 2456 968 2493 said
991 2457 1018 2503 ')
1038 2456 1224 2507 adapted
1245 2457 1353 2494 from
1373 2456 1542 2507 Virgil’s
1561 2456 1730 2495 famous

267 2510 414 2560 phrase
437 2511 477 2547 in
500 2510 602 2547 Aen.
627 2509 707 2546 ΙΙΙ.
732 2512 781 2547 57
802 2525 809 2547 :
852 2510 860 2523 ‘
881 2510 970 2547 auri
992 2523 1107 2547 sacra
1131 2510 1292 2548 fames.’
1731 2524 1749 2534 ·

269 2587 296 2628 6
