1899 3015
212 459 263 498 39

213 792 265 832 40

216 1453 264 1490 41

554 190 796 237 PLINY:
853 189 1180 236 NATURAL
1222 189 1516 236 HISTORY

297 333 446 381 pura3
492 318 694 362 subesse
723 319 854 362 enim
883 332 943 362 ea
969 316 1287 379 intellegunt,
1314 318 1353 362 si
1382 332 1443 361 ex
1472 332 1601 379 aqua
1628 315 1767 362 inlita

295 388 529 431 continuo
550 384 567 412 1
595 389 800 429 arescat.

359 451 523 496 XXII.
552 449 882 496 Sandaracam
901 456 953 494 et
969 448 1167 494 ochram
1185 449 1308 494 Iuba
1324 448 1530 495 tradidit
1546 451 1595 494 in
1612 449 1769 495 insula

299 518 450 564 Rubri
479 520 625 562 maris
651 517 848 578 Topazo
875 519 1024 570 nasci,
1051 516 1139 561 sed
1165 515 1279 561 inde
1306 532 1405 561 non
1430 515 1770 577 pervehuntur

297 585 359 630 ad
394 600 495 629 nos.
565 584 833 629 sandaraca
868 582 1115 644 quomodo
1150 582 1294 627 fieret
1327 582 1556 628 diximus.
1625 582 1682 628 fit
1715 588 1768 628 et

299 651 578 697 adulterina
622 666 682 695 ex
726 665 922 695 cerussa
956 652 1004 693 in
1040 648 1237 695 fornace
1271 656 1426 694 cocta.
1495 648 1626 695 color
1659 664 1767 695 esse

297 718 451 764 debet
489 717 761 762 flammeus.
832 719 1048 778 pretium
1086 719 1135 760 in
1174 715 1320 761 libras
1360 731 1491 761 asses
1531 718 1682 778 quini.

361 784 553 830 XXIII.
593 784 731 829 Haec
783 785 820 828 si
875 789 1125 828 torreatur
1173 798 1334 843 aequa
1383 789 1526 844 parte
1577 783 1768 827 rubrica

298 851 538 905 admixta,
583 850 851 913 sandycem
897 848 1033 902 facit,
1079 865 1381 911 quamquam
1427 849 1767 894 animadverto

298 918 570 981 Vergilium
606 919 915 962 existimasse
951 915 1156 961 herbam
1192 916 1241 961 id
1279 931 1385 961 esse
1419 915 1501 961 illo
1537 930 1707 961 versu:

385 1014 572 1076 Sponte
609 1030 699 1060 sua
735 1013 927 1076 sandyx
966 1015 1213 1075 pascentis
1252 1012 1472 1059 vestiet2
1510 1028 1678 1075 agnos.

300 1115 518 1175 pretium
557 1114 607 1157 in
648 1111 794 1156 libras
836 1110 1095 1156 dimidium
1137 1112 1241 1155 eius
1282 1110 1415 1171 quod
1455 1109 1769 1156 sandaracae.

299 1195 390 1225 nec
421 1185 538 1224 sunt
569 1178 649 1223 alii
680 1177 864 1223 colores
897 1179 1092 1222 maioris
1124 1176 1369 1238 ponderis.

362 1245 544 1291 XXIV.
584 1245 722 1290 Inter
747 1243 967 1290 facticios
995 1251 1072 1289 est
1097 1250 1150 1289 et
1175 1242 1416 1306 Syricum,
1443 1259 1540 1305 quo
1565 1245 1769 1288 minium

299 1312 477 1358 sublini
531 1312 760 1358 diximus.
830 1311 886 1357 fit
939 1317 1109 1356 autem
1163 1309 1397 1372 Sinopide
1450 1317 1502 1356 et
1554 1309 1770 1373 sandyce

299 1382 481 1425 mixtis.

363 1445 518 1491 XXV.
555 1445 911 1490 Atramentum
962 1459 1161 1505 quoque
1211 1445 1341 1488 inter
1390 1442 1609 1488 facticios
1661 1444 1771 1497 erit,

301 1528 605 1574 quamquam
653 1518 729 1556 est
777 1517 829 1556 et
874 1510 1078 1564 terrae‚3
1124 1512 1355 1572 geminae
1402 1512 1616 1572 originis.
1686 1516 1772 1554 aut

302 1583 434 1624 enim
459 1579 718 1639 salsuginis
742 1577 890 1623 modo
915 1583 1134 1631 emanat,
1159 1583 1247 1622 aut
1270 1583 1404 1622 terra
1427 1579 1533 1637 ipsa
1556 1575 1772 1637 sulpurei

301 1646 472 1692 coloris
508 1646 570 1691 ad
604 1645 695 1690 hoc
729 1645 982 1706 probatur.
1050 1646 1238 1688 inventi
1273 1649 1389 1688 sunt
1423 1645 1653 1704 pictores,
1689 1645 1770 1704 qui

302 1713 538 1758 carbones
584 1711 873 1756 infestatis4
917 1709 1186 1772 sepulchris
1233 1709 1547 1755 effoderent.⁵
1612 1712 1772 1770 inpor-

302 1787 425 1824 tuna
468 1778 591 1824 haec
635 1781 801 1824 omnia
845 1793 900 1822 ac
945 1779 1148 1822 novicia.
1218 1776 1274 1822 fit
1319 1779 1450 1821 enim
1496 1792 1523 1821 e
1567 1774 1772 1838 fuligine

304 1846 523 1908 pluribus
576 1845 751 1898 modis,
806 1847 967 1889 resina
1020 1843 1097 1889 vel
1149 1846 1258 1905 pice
1313 1845 1518 1897 exustis,
1571 1849 1774 1904 propter

368 1946 382 1968 1
412 1945 533 1983 inlita
552 1945 754 1983 continuo
775 1943 968 1993 Mazstcoff
982 1959 990 1982 ε
1028 1943 1149 1981 inlita
1168 1955 1253 1980 non
1271 1942 1357 1981 odd.
1379 1942 1582 1992 (inlinunt
1599 1955 1685 1981 non
1703 1942 1771 1991 B).

367 1999 382 2022 ²
411 1999 565 2037 vestiet
585 1998 643 2036 cd.
666 1998 764 2036 Par.
785 1999 903 2042 0801,
927 1999 1020 2035 item
1050 1998 1159 2045 ferq.
1179 2011 1187 2034 :
1221 1997 1377 2035 vestiat
1398 1997 1480 2036 rell.

368 2053 383 2075 ³
413 2058 549 2090 terrae
568 2058 638 2090 αιιί
659 2056 771 2089 terra
791 2051 877 2090 cdd.
896 2065 905 2089 ε
937 2064 959 2088 e
980 2055 1091 2088 terra
1112 2049 1296 2099 Madvig).

366 2106 382 2129 4
411 2106 623 2144 infestatis
665 2104 859 2154 rllaylzoff
897 2104 966 2152 qni
1008 2109 1044 2142 et
1083 2103 1334 2141 infestantes
1373 2100 1594 2152 sepulchra
1636 2102 1742 2140 com'.
1761 2116 1770 2140 ι

313 2159 520 2197 infectant
548 2164 619 2196 ant
644 2157 823 2195 infectos
845 2156 932 2195 cdd.
955 2172 962 2195 :
995 2157 1171 2195 iniectos
1191 2157 1296 2195 coni.
1327 2155 1475 2205 Silliqz
1508 2154 1773 2193 adfectarent

315 2212 512 2262 Dellefisen
537 2211 785 2262 (sepulchris
807 2211 1009 2248 carbones
1031 2210 1210 2248 infectos
1230 2209 1288 2248 cd.
1312 2209 1410 2247 Par.
1435 2209 1573 2256 6801).

369 2266 384 2288 ⁵
413 2265 645 2304 effoderent
663 2264 722 2302 cd.
745 2265 886 2309 Tolet.‚
903 2263 962 2302 cd.
983 2264 1080 2301 Par.
1102 2264 1202 2302 6801
1221 2278 1228 2301 :
1266 2262 1447 2301 effodere
1465 2262 1528 2300 B:
1565 2259 1774 2299 infoderet

314 2319 395 2357 rell.
425 2318 682 2368 (infoderent
708 2318 766 2356 cd.
795 2318 893 2356 Par.
923 2318 1014 2355 Lat.
1041 2318 1179 2364 6797).

362 2432 379 2503 Ξ
409 2427 634 2530 ξῗιὶξιὲἕὲῑ..
662 2478 737 2524 IV,
764 2481 815 2517 45
843 2479 996 2528 (vestiet
1023 2477 1169 2528 Virg.).
1227 2476 1360 2515 There
1386 2475 1420 2514 is
1446 2487 1501 2514 no
1526 2473 1655 2527 proof
1675 2473 1772 2513 that

311 2533 438 2583 virgil
456 2533 529 2571 did
547 2532 647 2571 take
665 2532 832 2583 sandyx
850 2537 896 2570 to
916 2531 966 2570 be
984 2544 1009 2569 a
1026 2531 1161 2582 plant.

314 2617 399 2655 200
