1873 3020
211 670 254 707 13

213 1627 260 1664 14

536 185 742 232 PLINY
761 203 771 231 ι
825 185 1153 231 NATURAL
1199 183 1492 231 HISTORY

286 314 539 361 Corinthia
565 313 864 360 candelabra
890 319 1103 366 constet,
1129 328 1310 357 nomen
1334 311 1384 357 id
1410 314 1676 373 praecipue
1700 314 1750 357 in

288 402 358 447 his
388 402 686 455 celebratur,
717 403 950 462 quoniam
984 399 1196 444 Mummi
1227 401 1430 444 victoria
1459 397 1750 444 Corinthum

286 488 486 551 quidem
528 488 696 542 diruit,
731 487 819 532 sed
862 503 888 531 e
925 486 1256 547 compluribus
1299 484 1518 531 Achaiae
1559 484 1750 546 oppidis

286 575 428 621 simul
448 591 563 620 aera
583 575 828 635 dispersit.

351 662 463 708 VII.
503 661 648 707 Prisci
688 661 855 705 limina
893 664 1046 705 etiam
1082 676 1138 705 ac
1169 659 1333 705 valvas
1368 662 1419 704 in
1453 658 1652 720 templis
1689 673 1752 704 ex

287 766 402 795 aere
435 748 745 794 factitavere.
813 750 1008 792 invenio
1042 753 1094 792 et
1127 763 1154 791 a
1189 745 1277 791 Cn.
1313 745 1541 801 Octavio,
1573 748 1656 806 qui
1688 744 1751 790 de

289 836 469 882 Perseo
533 852 651 897 rege
716 834 942 880 navalem
1007 832 1315 895 triumphum
1380 836 1501 895 egit,
1564 831 1752 878 factam

290 927 531 985 porticum
588 922 836 983 duplicem
894 921 957 967 ad
1013 924 1194 966 circum
1253 920 1568 974 Flaminium,
1624 934 1752 981 quae

288 1009 543 1056 Corinthia
564 1013 628 1055 sit
649 1008 902 1070 appellata
923 1024 951 1053 a
972 1008 1200 1069 capitulis
1221 1010 1378 1053 aereis
1399 1006 1754 1060 columnarum,

289 1097 473 1143 Vestae
510 1112 707 1158 quoque
743 1095 921 1141 aedem
957 1098 1114 1156 ipsam
1151 1094 1462 1157 Syracusana
1496 1093 1753 1155 superficie

290 1188 392 1246 tegi
427 1184 684 1245 placuisse.
752 1182 1062 1245 Syracusana
1095 1189 1211 1227 sunt
1244 1185 1294 1226 in
1330 1180 1555 1227 Pantheo
1588 1183 1754 1242 capita

290 1271 627 1317 columnarum
684 1286 711 1315 a
771 1269 843 1315 M.
902 1269 1125 1331 Agrippa
1182 1272 1359 1330 posita.
1427 1271 1546 1330 quin
1602 1270 1752 1313 etiam

290 1362 482 1422 privata
524 1357 779 1419 opulentia
822 1373 879 1402 eo
921 1356 1068 1402 modo
1110 1363 1350 1418 usurpata
1392 1362 1483 1401 est.
1549 1353 1755 1400 Camillo

291 1449 422 1492 inter
471 1447 676 1490 crimina
727 1444 909 1489 obiecit
960 1442 1162 1505 Spurius
1214 1441 1452 1488 Carvilius
1505 1448 1755 1504 quaestor,

290 1536 415 1578 ostia
439 1531 571 1594 quod
592 1538 765 1576 aerata
786 1530 997 1576 haberet
1019 1533 1068 1575 in
1091 1530 1252 1576 domo.

354 1618 494 1664 VIII.
534 1617 662 1663 Nam
709 1617 921 1663 triclinia
961 1624 1134 1662 aerata
1176 1617 1454 1678 abacosque
1497 1622 1550 1661 et
1588 1631 1756 1661 mono-

291 1706 439 1767 podia
473 1704 561 1751 Cn.
601 1704 847 1750 Manlium
882 1704 1001 1750 Asia
1036 1704 1231 1749 devicta
1266 1707 1477 1764 primum
1513 1705 1756 1748 invexisse

292 1792 543 1854 triumpho
568 1809 673 1846 suo,
699 1808 848 1853 quem
874 1791 1018 1836 duxit
1043 1807 1170 1835 anno
1200 1791 1328 1835 urbis
1355 1805 1536 1843 Dvan,
1563 1788 1617 1834 L.
1646 1787 1756 1834 Piso

293 1887 464 1925 auctor
491 1886 584 1933 est,
611 1879 788 1924 Antias
815 1878 1016 1940 quidem
1043 1877 1251 1923 heredes
1279 1877 1335 1922 L.
1364 1876 1525 1922 Crassi
1550 1878 1756 1922 oratoris

292 1967 449 2012 multa
497 1969 649 2011 etiam
696 1965 906 2010 triclinia
953 1971 1125 2010 aerata
1173 1964 1466 2010 vendidisse.
1534 1979 1596 2008 ex
1642 1978 1756 2007 aere

291 2053 584 2099 factitavere
606 2060 658 2097 et
677 2056 890 2097 cortinas
910 2051 1160 2112 tripodum
1180 2054 1377 2096 nomine
1401 2051 1493 2116 [et]
1508 2048 1527 2078 1
1553 2047 1758 2111 Delphi-

291 2157 391 2193 cas,
446 2143 679 2201 quoniam
735 2138 874 2184 donis
897 2138 915 2166 2
971 2141 1186 2183 maxime
1243 2137 1458 2199 Apollini
1515 2135 1756 2197 Delphico

291 2226 600 2273 dicabantur.
667 2225 897 2287 placuere
913 2232 965 2270 et
978 2224 1238 2288 lychnuchi
1254 2224 1464 2285 pensiles
1478 2226 1528 2268 in
1542 2223 1757 2269 delubris

361 2417 375 2440 1
405 2421 448 2455 et
476 2415 690 2466 Mayhoff:
735 2429 783 2454 ac
809 2416 872 2454 B:
916 2428 941 2453 a
966 2414 1025 2453 cd.
1054 2414 1166 2453 Laid.
1204 2415 1314 2453 Voss.
1333 2427 1388 2452 m.
1419 2415 1462 2452 1:
1506 2427 1584 2452 om.
1606 2413 1689 2451 rell.

357 2470 373 2494 ²
402 2470 524 2509 donis
567 2469 653 2508 cdd.
695 2470 825 2518 plen:
881 2468 990 2507 ludis
1036 2467 1096 2507 cd.
1145 2468 1278 2507 Pola:
1329 2472 1420 2506 erat
1468 2467 1531 2507 B:
1584 2471 1754 2505 aeratae

308 2523 497 2563 Urlichs:
541 2536 614 2562 eae
637 2523 746 2562 Ian:
789 2522 903 2561 dono
927 2522 1032 2562 coni.
1066 2522 1356 2572 Warminqton.

302 2601 387 2658 136
