1873 3020
579 204 784 251 PLINY
803 223 812 252 :
867 206 1194 252 NATURAL
1241 206 1533 253 HISTORY

321 340 547 399 sequitur
571 335 727 381 fossor
753 336 1028 398 ambitque.
1098 342 1150 381 et
1175 342 1348 381 tamen
1373 338 1423 381 in
1447 335 1582 382 silice
1604 335 1790 382 facilior

239 440 287 477 72
322 437 638 480 existimatur
679 448 859 495 opera3
920 439 996 478 est
1038 449 1255 495 namque
1297 440 1431 478 terra
1473 449 1534 479 ex
1575 433 1788 496 quodam

320 530 523 593 argillae
561 546 747 593 genere
783 530 953 592 glarea
990 530 1514 592 mixta—gangadiam
1551 537 1787 576 vocant-

321 645 473 691 prope
512 627 928 690 inexpugnabilis.
997 630 1165 673 cuneis
1205 643 1316 673 eam
1355 627 1527 673 ferreis
1563 627 1787 690 adgredi-

321 733 471 772 untur
506 732 558 771 et
591 725 748 771 isdem
784 725 973 771 malleis
1009 724 1229 787 nihilque
1263 725 1432 771 durius
1465 732 1666 787 putant,
1698 729 1786 771 nisi

321 824 452 886 quod
479 827 610 869 in'ter
636 826 801 868 omnia
828 826 933 868 auri
958 822 1117 868 fames
1144 823 1402 869 durissima
1431 830 1522 869 est.
1587 830 1790 885 peracto

321 937 471 983 opere
515 923 729 967 cervices
773 920 1015 966 fornicum
1059 920 1122 965 ab
1166 920 1342 966 ultimo
1382 920 1640 966 caedunt.1
1700 921 1790 967 dat

319 1022 514 1081 signum
552 1021 693 1072 rima,
729 1016 978 1080 eamque2
1015 1017 1145 1063 solus
1181 1017 1432 1080 intellegit
1458 1021 1508 1063 in
1533 1021 1789 1064 cacumine

240 1123 288 1160 73
324 1119 426 1161 eius
472 1118 655 1161 montis
701 1115 832 1177 vigil.
901 1114 978 1161 hic
1025 1131 1160 1169 voce,
1206 1115 1371 1161 nu'tu3
1416 1118 1607 1161 evocari
1650 1116 1789 1162 iubet

320 1229 496 1274 operas
529 1215 818 1274 pariterque
850 1215 955 1273 ipse
988 1212 1204 1258 devolat.
1272 1229 1411 1257 mons
1442 1211 1628 1258 fractus
1654 1213 1789 1259 cadit

321 1310 384 1354 ab
426 1326 534 1355 sese
578 1309 723 1371 longe
767 1308 963 1372 fragore
1007 1312 1089 1372 qui
1131 1312 1321 1371 concipi
1363 1308 1581 1355 humana
1619 1317 1789 1356 menie

320 1425 416 1453 non
447 1411 620 1469 possit,
651 1424 811 1469 aeque
843 1414 895 1453 et
925 1407 1047 1453 flatu
1078 1407 1368 1453 incredibili.
1435 1414 1668 1469 spectant
1694 1411 1788 1454 vic-

318 1512 450 1551 tores
481 1508 672 1550 ruinam
705 1511 931 1550 naturae.
1001 1521 1091 1550 nec
1119 1511 1292 1550 tamen
1321 1504 1482 1550 adhuc
1511 1521 1683 1550 aurum
1713 1513 1785 1551 est

319 1619 409 1648 nec
440 1605 593 1648 sciere
626 1618 751 1657 esse,
782 1619 893 1648 cum
925 1601 1174 1656 foderent,
1203 1609 1450 1664 tantaque
1480 1602 1544 1648 ad
1573 1603 1786 1664 pericula

319 1707 371 1746 et
390 1700 625 1762 inpendia
645 1703 765 1745 satis
785 1716 965 1746 causae
984 1699 1080 1746 fuit
1099 1716 1299 1761 sperare
1319 1699 1451 1762 quod
1469 1707 1726 1762 cuperent.

237 1805 288 1841 74
384 1797 523 1843 Alius
547 1814 636 1859 par
656 1796 796 1842 labor
818 1814 873 1842 ac
896 1796 973 1842 vel
996 1799 1191 1842 maioris
1214 1797 1463 1859 inpendii:
1502 1797 1705 1843 flumina
1725 1799 1786 1844 ad

321 1895 583 1940 lavandam
606 1894 733 1940 hanc
759 1898 950 1940 ruinam
973 1897 1099 1957 iugis
1115 1894 1134 1923 4
1154 1898 1399 1940 montium
1420 1895 1583 1941 obiter
1600 1895 1788 1942 duxere

320 2009 346 2037 a
382 1995 656 2038 centesimo
691 1992 985 2054 plerumque
1018 1991 1213 2053 lapide;
1265 2008 1495 2054 corrugos
1531 2000 1726 2047 vocant,
1760 2010 1786 2037 a

319 2092 656 2135 conrivatione
689 2089 852 2135 credo.
920 2088 1053 2134 mille
1088 2095 1140 2134 et
1172 2088 1250 2134 hic
1280 2088 1502 2134 labores:
1554 2106 1788 2152 praeceps

385 2211 398 2234 1
430 2210 589 2248 cadunt
610 2210 660 2248 Β.

382 2264 397 2287 ²
426 2264 533 2301 rima
570 2275 749 2313 eamque
784 2263 843 2301 od.
879 2263 977 2301 Par.
1011 2264 1143 2301 6801:
1192 2263 1313 2301 ruina
1349 2276 1527 2313 eamque
1564 2263 1600 2302 Β
1633 2269 1669 2303 et
1702 2265 1784 2303 aL:

327 2317 577 2366 ruinamque
608 2318 715 2355 rell.:
751 2317 897 2355 ruinae
917 2329 1096 2366 eamque
1118 2317 1260 2355 Gelan:
1297 2317 1442 2355 ruinae
1472 2317 1579 2355 rima
1607 2329 1786 2368 eamque

327 2371 544 2421 Dellessen.

381 2424 397 2446 ³
429 2436 530 2461 voce
561 2428 667 2461 nutu
699 2423 756 2461 B:
793 2435 895 2461 voce
926 2423 1068 2461 ictuve
1096 2422 1155 2460 ccl.
1180 2423 1332 2461 Tolet.:
1370 2427 1524 2461 vocent
1549 2427 1652 2462 utve
1678 2423 1786 2463 rell.:

329 2490 429 2515 voce
455 2477 496 2514 in
520 2482 664 2514 tutum
688 2477 906 2526 belles-sen.

382 2531 397 2553 ⁴
419 2530 595 2580 fortasse
618 2531 698 2578 (a)
723 2530 778 2568 vel
800 2529 908 2577 <ab>
931 2529 1049 2580 iugis.

320 2608 374 2664 56
