1899 3015
580 187 822 234 PLINY:
880 187 1207 234 NATURAL
1249 186 1542 232 HISTORY

237 322 287 361 93
321 317 482 376 pinxit
532 321 584 360 et
633 315 912 377 megabyzi,
963 313 1232 359 sacerdotis
1284 313 1478 358 Dianae
1530 311 1793 374 Ephesiae.

321 398 571 442 pompam,
613 381 797 426 Clitum
831 397 943 426 cum
977 397 1105 442 equo
1138 380 1201 426 ad
1233 380 1419 425 bellum
1451 378 1792 429 festinantem,

322 448 518 510 galcam
571 451 791 509 poscenti
853 450 1152 509 armigerum
1201 445 1575 508 porrigentem.1
1644 445 1788 490 Alex-

322 515 531 559 andrum
567 521 619 559 et
654 513 935 575 Philippum
969 517 1198 575 quotiens
1232 515 1466 574 pinxerit,
1502 527 1793 557 enumerare

321 597 681 641 supervacuum
721 588 812 626 est.
881 583 1125 625 mirantur
1164 583 1267 625 eius
1308 579 1595 624 Habronem
1634 577 1794 630 Sami3

324 647 678 701 Menandrum,
713 663 883 709 regem
918 647 1109 701 Cariae,
1144 646 1321 700 Rhodi,
1356 649 1478 691 item
1513 647 1794 697 Antaeum3

321 714 670 760 Alexandreae
740 713 1123 776 Gorgosthenen
1192 712 1518 775 tragoedum;
1604 711 1794 757 Romae

321 780 579 826 Castorem
621 788 672 826 et
714 779 964 826 Pollucem
1005 797 1117 825 cum
1159 779 1376 825 Victoria
1417 785 1469 824 et
1509 777 1794 824 Alexandro

324 847 530 909 Magno,
582 850 704 892 item
754 847 877 892 Belli
929 850 1198 909 imaginem
1250 848 1487 891 restrictis
1539 845 1602 891 ad
1652 852 1794 906 terga

236 921 288 959 94
318 915 564 967 manibus,
615 914 902 959 Alexandro
951 917 1001 959 in
1051 930 1195 958 curru
1245 912 1604 990 triumphante.
1673 927 1794 973 quas

321 988 558 1042 utrasque
601 980 796 1026 tabulas
841 981 980 1026 divus
1024 981 1282 1042 Augustus
1326 982 1375 1024 in
1419 978 1510 1024 fori
1553 981 1627 1024 sui
1669 977 1795 1023 cele-

318 1049 543 1093 berrimis
586 1048 810 1109 partibus
853 1047 1106 1093 dicaverat
1147 1045 1466 1107 simplicitate
1508 1045 1795 1097 moderata;

320 1114 460 1160 divus
513 1114 746 1160 Claudius
797 1113 948 1176 pluris
1001 1116 1305 1159 existimavit
1355 1115 1578 1174 utrisque
1631 1114 1793 1157 excisa

321 1180 591 1226 Alexandri
656 1180 781 1226 facie
844 1181 940 1226 divi
1006 1181 1220 1242 Augusti
1285 1182 1525 1241 imagines
1589 1178 1789 1224 addere.

322 1247 543 1293 eiusdem
597 1248 903 1293 arbitrantur
953 1246 1142 1292 manu2
1195 1261 1302 1291 esse
1355 1252 1407 1291 et
1458 1248 1507 1290 in
1561 1243 1795 1290 Dianae-⁹»

321 1314 509 1375 templo
534 1314 799 1359 Herculem
824 1330 1067 1367 aversum,
1090 1320 1163 1367 ut,
1187 1312 1318 1374 quod
1342 1319 1418 1357 est
1439 1311 1793 1368 difficillimum,

321 1380 499 1426 faciem
529 1384 632 1426 eius
661 1380 896 1426 ostendat
924 1383 1085 1426 verius
1115 1383 1308 1441 pictura
1337 1394 1486 1440 quam
1516 1381 1792 1439 promittat.

321 1450 482 1508 pinxit
509 1454 560 1493 et
585 1446 736 1493 heroa
761 1447 950 1493 nudum
977 1462 1136 1508 eaque
1161 1449 1355 1508 pictura
1380 1452 1611 1491 naturam
1636 1448 1792 1507 ipsam

239 1521 291 1559 95
323 1517 620 1575 provocavit.
691 1521 767 1559 est
807 1521 859 1559 et
899 1530 1055 1575 equus
1095 1516 1216 1567 eius,
1256 1516 1357 1558 sive
1397 1511 1508 1565 fuit,
1548 1515 1707 1573 pict-us
1746 1516 1794 1558 in

321 1584 611 1635 certamine,
670 1597 768 1642 quo
826 1581 1060 1626 iudicium
1120 1580 1183 1625 ad
1240 1586 1404 1624 mutas
1463 1579 1794 1640 quadripedes

323 1650 606 1708 provocavit
643 1648 706 1692 ab
743 1647 1039 1692 hominibus.
1110 1662 1326 1707 namque
1364 1646 1555 1691 ambitu
1588 1661 1794 1706 praeva-

321 1713 422 1759 lere
463 1714 682 1759 aemulos
722 1717 942 1759 sentiens
982 1713 1286 1775 singulorum
1326 1715 1542 1773 picturas
1582 1712 1794 1758 inductis

323 1783 461 1841 equis
504 1781 752 1826 ostendit:
814 1780 1001 1842 Apellis
1044 1787 1243 1825 tantum
1287 1795 1415 1840 equo
1457 1777 1795 1825 adhinnivere.

322 1848 471 1908 idque
516 1855 567 1893 et
609 1854 785 1909 postea
827 1863 1024 1908 semper
1067 1849 1250 1899 evenit,
1295 1853 1351 1891 ut
1394 1847 1793 1906 experimentum

231 1918 283 1957 96
316 1917 434 1959 artis
465 1913 584 1959 illud
615 1920 969 1960 ostentaretur.
1039 1912 1158 1959 fecit
1189 1920 1241 1958 et
1273 1911 1658 1974 Neoptolemum
1690 1927 1750 1958 ex
1774 1913 1793 1941 4

386 2061 397 2082 ¹
428 2062 634 2111 armigero
656 2062 894 2112 porrigente
915 2062 1020 2100 coni.
1046 2060 1246 2110 Mayhoff.

386 2115 399 2136 ²
430 2127 604 2152 manum
626 2115 674 2153 Β.

382 2169 396 2190 ³
428 2168 589 2206 Dianae
614 2168 793 2206 Preller:
837 2180 973 2205 annae
999 2167 1062 2205 B:
1106 2167 1306 2204 antoniae
1333 2166 1413 2204 rell.

325 2273 359 2311 U
383 2222 747 2312 {Spugnantem>
805 2234 856 2259 ex
912 2221 1016 2259 coni..
1078 2220 1287 2270 Mayhofft
1358 2219 1430 2257 lac.
1494 2225 1583 2268 post
1648 2218 1792 2257 Persa-s

366 2287 384 2311 r
405 2288 438 2312 ιο
454 2288 499 2313 as.

489 2469 506 2487 ‘¹
536 2464 596 2502 Cf.
619 2464 639 2513 ξ
661 2465 710 2502 27
733 2463 817 2501 and
838 2463 952 2502 Serv.
976 2463 1030 2501 ad
1052 2462 1154 2501 Aen.
1177 2461 1211 2507 Ι,
1234 2463 1325 2500 294.

492 2517 506 2540 ὁ
536 2517 608 2555 Le.
636 2517 685 2555 he
710 2517 782 2555 did
806 2522 882 2555 not
905 2517 1177 2567 appropriate
1201 2515 1318 2554 them
1341 2514 1406 2553 for
1430 2513 1610 2552 himself.

320 2618 410 2663 330
