1873 3020
194 392 268 432 159

194 1160 268 1198 160

195 1466 265 1506 161

545 179 781 225 PLINY:
835 179 1162 225 NATURAL
1211 178 1506 225 HISTORY

302 309 453 354 midio
501 309 656 354 Attici
704 310 878 369 pretio.
947 310 1153 353 tertium
1199 323 1356 369 genus
1404 313 1481 353 est
1526 323 1766 368 pressum,

303 386 433 447 quod
458 386 535 430 alii
561 384 811 447 Scyricum
835 391 1029 438 vocant,
1054 400 1114 429 ex
1138 383 1296 429 insula
1319 382 1486 446 Scyro,
1508 386 1605 428 iam
1630 391 1681 429 et
1705 399 1766 429 ex

306 462 510 515 Achaia,
538 479 635 523 quo
662 468 871 507 utuntur
897 461 958 506 ad
986 463 1208 522 picturae
1235 461 1451 514 umbras,
1477 462 1692 521 pretium
1719 462 1767 504 in

303 539 447 584 libras
471 554 527 584 Hs
550 539 650 583 bini
669 553 679 592 3
718 537 979 598 dupondiis
1002 554 1116 582 vero
1138 537 1375 582 detractis
1397 536 1531 598 quod
1550 536 1767 582 lucidum

303 622 496 670 vocant,
534 632 559 660 e
597 614 758 660 Gallia
792 616 1008 659 veniens.
1078 612 1169 659 hoc
1205 620 1375 659 autem
1412 620 1463 659 et
1499 613 1669 658 Attico
1705 612 1767 658 ad

306 692 489 737 lumina
540 698 766 746 utuntur,
818 691 881 736 ad
931 691 1108 736 abacos
1162 707 1258 734 non
1310 692 1398 735 nisi
1450 705 1767 744 marmoroso,

303 771 536 830 quoniam
577 784 792 813 marmor
831 770 881 812 in
923 784 981 813 eo
1023 770 1207 812 resistit
1250 766 1564 812 amaritudini
1608 765 1766 812 calcis.

303 845 532 891 effoditur
575 852 627 890 et
668 845 731 890 ad
772 860 832 889 xx
873 845 935 889 ab
978 844 1098 889 urbe
1142 843 1356 904 lapidem
1399 846 1447 888 in
1489 843 1769 896 montibus;

304 930 476 983 postea
508 925 665 967 uritur
695 937 919 983 pressum
951 920 1317 982 appellantibus
1349 922 1431 982 qui
1465 919 1766 965 adulterant.

302 999 389 1044 sed
415 1015 521 1044 esse
547 998 723 1044 falsum
750 1005 1100 1058 exustumque,
1126 996 1457 1042 amaritudine
1483 1003 1692 1058 apparet
1717 1003 1769 1042 et

303 1078 534 1138 quoniam
560 1075 832 1121 resolutum
857 1077 906 1119 in
931 1074 1185 1135 pulverem
1211 1081 1301 1119 est.

365 1152 462 1197 Sile
487 1155 692 1214 pingere
717 1154 978 1197 instituere
1004 1153 1146 1212 primi
1173 1148 1478 1212 Polygnotus
1504 1156 1556 1195 et
1583 1148 1768 1204 Micon,

303 1230 473 1275 Attico
508 1229 787 1275 dumtaxat.
857 1234 1030 1273 secuta
1064 1234 1202 1273 aetas
1238 1226 1330 1272 hoc
1364 1226 1427 1272 ad
1463 1225 1648 1272 lumina
1682 1243 1768 1272 usa

304 1313 397 1360 est,
435 1306 498 1351 ad
536 1306 734 1351 umbras
774 1312 944 1350 autem
983 1303 1178 1366 Scyrieo
1218 1310 1270 1349 et
1309 1302 1483 1366 Lydjo.
1554 1302 1768 1366 Lydium

303 1382 536 1428 Sardibus
565 1383 842 1436 emebatur,
872 1381 1004 1443 quod
1032 1397 1161 1426 nunc
1188 1379 1476 1427 obmutuit.1

368 1459 523 1504 LVII.
562 1458 857 1505 Caeruleum
899 1457 1086 1504 harena
1128 1464 1220 1512 est,
1263 1456 1405 1502 huius
1447 1472 1635 1519 genera
1674 1460 1769 1503 tria

304 1535 441 1582 fuere
486 1539 793 1598 antiquitus:
849 1536 1160 1598 Aegyptium
1203 1533 1458 1579 maxime2
1493 1533 1769 1596 probatur,3

305 1612 591 1676 Scythicum
627 1610 781 1658 mox4
817 1612 1021 1658 diluitur
1056 1611 1198 1657 facile
1236 1618 1304 1665 et,
1341 1627 1452 1656 cum
1489 1613 1684 1665 teritur,
1720 1613 1769 1655 in

305 1697 542 1752 quattuor
576 1690 761 1735 colores
796 1696 1036 1743 mutatur,
1072 1687 1407 1734 candidiorem
1442 1690 1769 1750 nigrioremve

305 1775 355 1813 et
391 1770 677 1812 crassiorem
712 1770 1082 1820 tenuioremve3
1134 1764 1414 1827 praefertur
1449 1763 1561 1810 huic
1597 1767 1769 1811 etiam-

306 1861 420 1889 num
460 1844 711 1906 Cyprium.
782 1846 986 1888 accessit
1023 1841 1096 1887 his
1135 1840 1467 1887 Puteolanum
1503 1848 1555 1887 et
1593 1841 1769 1902 Hispa-

306 1925 492 1974 niense,
529 1920 715 1966 harena
750 1921 815 1966 ibi
853 1920 1022 1965 confici
1057 1926 1250 1981 coepta.
1320 1921 1566 1981 tinguitur
1599 1925 1768 1964 autem

305 2014 450 2043 omne
500 2005 550 2043 ct
598 2000 648 2042 in
696 2014 784 2043 sua
830 1999 1058 2059 coquitur
1106 1995 1260 2041 herba
1307 1995 1534 2057 bibitque
1581 2011 1767 2041 sucum.

307 2075 495 2137 reliqua
530 2074 818 2120 confectura
854 2073 1030 2119 eadem
1068 2089 1196 2135 quae
1232 2071 1578 2134 chrysocollae.

573 2203 588 2225 1
625 2201 714 2241 Ul.
738 2201 983 2246 ommutuit,
1007 2202 1227 2240 omittunt.

575 2257 590 2279 ²
628 2257 702 2294 ill.
728 2255 842 2305 quod
864 2256 1063 2293 maxime.

573 2310 589 2332 ³
631 2310 702 2348 1'.l.
726 2309 972 2360 probatum.

570 2364 585 2386 ⁴
615 2375 716 2400 mox
743 2362 938 2412 Mayhoff
957 2361 1079 2411 (coni.
1105 2366 1142 2400 et
1165 2361 1358 2409 umore):
1401 2358 1493 2399 hoc.

601 2516 618 2533 ⁰
647 2510 833 2553 Azurite,
858 2522 881 2546 a
907 2509 1019 2546 basio
1043 2521 1198 2559 copper
1221 2507 1463 2545 carbonate.

316 2579 399 2622 118
