<?xml version="1.0" encoding="UTF-8"?>
<!DOCTYPE html PUBLIC "-//W3C//DTD XHTML 1.0 Transitional//EN"
    "http://www.w3.org/TR/xhtml1/DTD/xhtml1-transitional.dtd">
<html xmlns="http://www.w3.org/1999/xhtml" xml:lang="en" lang="en">
 <head>
  <title>
</title>
<meta http-equiv="Content-Type" content="text/html;charset=utf-8" />
  <meta name='ocr-system' content='tesseract 3.04.00' />
  <meta name='ocr-capabilities' content='ocr_page ocr_carea ocr_par ocr_line ocrx_word'/>
</head>
<body>
  <div class='ocr_page' id='page_1' title='image "./naturalhistory09plinuoft_0412.png"; bbox 0 0 1899 3015; ppageno 0'>
   <div class='ocr_carea' id='block_1_1' title="bbox 236 362 311 399">
    <p class='ocr_par' dir='ltr' id='par_1_1' title="bbox 236 362 311 399">
     <span class='ocr_line' id='line_1_1' title="bbox 236 362 311 399; baseline 0 0"><span class='ocrx_word' id='word_1_1' title='bbox 236 362 311 399; x_wconf 88' lang='lat'>188</span> 
     </span>
    </p>
   </div>
   <div class='ocr_carea' id='block_1_2' title="bbox 594 226 1558 273">
    <p class='ocr_par' dir='ltr' id='par_1_2' title="bbox 594 226 1558 273">
     <span class='ocr_line' id='line_1_2' title="bbox 594 226 1558 273; baseline 0 -1"><span class='ocrx_word' id='word_1_2' title='bbox 594 226 837 273; x_wconf 86' lang='lat' dir='ltr'>PLINY:</span> <span class='ocrx_word' id='word_1_3' title='bbox 894 227 1221 272; x_wconf 84' lang='lat' dir='ltr'>NATURAL</span> <span class='ocrx_word' id='word_1_4' title='bbox 1264 227 1558 272; x_wconf 86' lang='lat' dir='ltr'>HISTORY</span> 
     </span>
    </p>
   </div>
   <div class='ocr_carea' id='block_1_3' title="bbox 344 353 1814 956">
    <p class='ocr_par' dir='ltr' id='par_1_3' title="bbox 344 353 1814 956">
     <span class='ocr_line' id='line_1_3' title="bbox 344 353 1814 416; baseline 0.001 -17"><span class='ocrx_word' id='word_1_5' title='bbox 344 357 493 416; x_wconf 86' lang='lat' dir='ltr'>puris,</span> <span class='ocrx_word' id='word_1_6' title='bbox 524 353 681 400; x_wconf 93' lang='lat' dir='ltr'>donec</span> <span class='ocrx_word' id='word_1_7' title='bbox 711 357 830 400; x_wconf 87' lang='lat' dir='ltr'>cinis</span> <span class='ocrx_word' id='word_1_8' title='bbox 868 354 969 400; x_wconf 83' lang='lat' dir='ltr'>fiat.</span> <span class='ocrx_word' id='word_1_9' title='bbox 1038 354 1298 415; x_wconf 87' lang='lat' dir='ltr'>Optimum</span> <span class='ocrx_word' id='word_1_10' title='bbox 1331 370 1392 400; x_wconf 87' lang='lat' dir='ltr'>ex</span> <span class='ocrx_word' id='word_1_11' title='bbox 1423 354 1650 400; x_wconf 91' lang='lat' dir='ltr'>omnibus</span> <span class='ocrx_word' id='word_1_12' title='bbox 1681 355 1814 416; x_wconf 93' lang='lat' dir='ltr'>quod</span> 
     </span>
     <span class='ocr_line' id='line_1_4' title="bbox 348 430 1814 485; baseline 0.001 -10"><span class='ocrx_word' id='word_1_13' title='bbox 348 430 591 476; x_wconf 83' lang='lat' dir='ltr'>Melinum</span> <span class='ocrx_word' id='word_1_14' title='bbox 636 437 814 477; x_wconf 85' lang='lat' dir='ltr'>vocant</span> <span class='ocrx_word' id='word_1_15' title='bbox 858 432 920 477; x_wconf 90' lang='lat' dir='ltr'>ab</span> <span class='ocrx_word' id='word_1_16' title='bbox 964 431 1138 485; x_wconf 87' lang='lat' dir='ltr'>insula,</span> <span class='ocrx_word' id='word_1_17' title='bbox 1183 438 1240 476; x_wconf 87' lang='lat' dir='ltr'>ut</span> <span class='ocrx_word' id='word_1_18' title='bbox 1283 431 1511 477; x_wconf 82' lang='lat' dir='ltr'>diximus.</span> <span class='ocrx_word' id='word_1_19' title='bbox 1580 431 1699 477; x_wconf 92' lang='lat' dir='ltr'>nulli</span> <span class='ocrx_word' id='word_1_20' title='bbox 1743 435 1814 478; x_wconf 88' lang='lat' dir='ltr'>vis</span> 
     </span>
     <span class='ocr_line' id='line_1_5' title="bbox 345 508 1813 571; baseline 0 -18"><span class='ocrx_word' id='word_1_21' title='bbox 345 511 498 554; x_wconf 91' lang='lat' dir='ltr'>maior</span> <span class='ocrx_word' id='word_1_22' title='bbox 535 524 698 570; x_wconf 90' lang='lat' dir='ltr'>neque</span> <span class='ocrx_word' id='word_1_23' title='bbox 738 508 1078 571; x_wconf 86' lang='lat' dir='ltr'>adstringendi</span> <span class='ocrx_word' id='word_1_24' title='bbox 1117 524 1280 570; x_wconf 89' lang='lat' dir='ltr'>neque</span> <span class='ocrx_word' id='word_1_25' title='bbox 1318 508 1612 571; x_wconf 83' lang='lat' dir='ltr'>denigrandi</span> <span class='ocrx_word' id='word_1_26' title='bbox 1649 524 1813 571; x_wconf 83' lang='lat' dir='ltr'>neque</span> 
     </span>
     <span class='ocr_line' id='line_1_6' title="bbox 344 585 1812 647; baseline 0.001 -17"><span class='ocrx_word' id='word_1_27' title='bbox 344 585 623 639; x_wconf 88' lang='lat' dir='ltr'>indurandi,</span> <span class='ocrx_word' id='word_1_28' title='bbox 695 585 884 631; x_wconf 90' lang='lat' dir='ltr'>nullum</span> <span class='ocrx_word' id='word_1_29' title='bbox 953 588 1167 647; x_wconf 70' lang='lat' dir='ltr'>spissius</span> <span class='ocrx_word' id='word_1_30' title='bbox 1237 585 1489 631; x_wconf 90' lang='lat' dir='ltr'>oculorum</span> <span class='ocrx_word' id='word_1_31' title='bbox 1558 586 1812 632; x_wconf 82' lang='lat' dir='ltr'><strong>scabritias</strong></span> 
     </span>
     <span class='ocr_line' id='line_1_7' title="bbox 345 661 1812 725; baseline 0 -17"><span class='ocrx_word' id='word_1_32' title='bbox 345 670 604 717; x_wconf 76' lang='lat' dir='ltr'>extenuat,</span> <span class='ocrx_word' id='word_1_33' title='bbox 650 664 965 708; x_wconf 89' lang='lat' dir='ltr'>combustum</span> <span class='ocrx_word' id='word_1_34' title='bbox 1011 663 1177 708; x_wconf 91' lang='lat' dir='ltr'>utilius</span> <span class='ocrx_word' id='word_1_35' title='bbox 1224 662 1470 725; x_wconf 86' lang='lat' dir='ltr'>epiphoris</span> <span class='ocrx_word' id='word_1_36' title='bbox 1515 661 1812 717; x_wconf 89' lang='lat' dir='ltr'>inhibendis,</span> 
     </span>
     <span class='ocr_line' id='line_1_8' title="bbox 344 740 1811 802; baseline 0.001 -17"><span class='ocrx_word' id='word_1_37' title='bbox 344 743 411 785; x_wconf 94' lang='lat' dir='ltr'>sic</span> <span class='ocrx_word' id='word_1_38' title='bbox 467 747 519 785; x_wconf 88' lang='lat' dir='ltr'>et</span> <span class='ocrx_word' id='word_1_39' title='bbox 575 740 636 785; x_wconf 91' lang='lat' dir='ltr'>ad</span> <span class='ocrx_word' id='word_1_40' title='bbox 692 743 910 801; x_wconf 88' lang='lat' dir='ltr'>pruritus</span> <span class='ocrx_word' id='word_1_41' title='bbox 965 743 1194 801; x_wconf 88' lang='lat' dir='ltr'>corporis.</span> <span class='ocrx_word' id='word_1_42' title='bbox 1264 742 1557 802; x_wconf 88' lang='lat' dir='ltr'>sanguinem</span> <span class='ocrx_word' id='word_1_43' title='bbox 1613 756 1811 802; x_wconf 88' lang='lat' dir='ltr'>quoque</span> 
     </span>
     <span class='ocr_line' id='line_1_9' title="bbox 344 815 1812 878; baseline 0.001 -17"><span class='ocrx_word' id='word_1_44' title='bbox 344 819 473 861; x_wconf 89' lang='lat' dir='ltr'>sistit</span> <span class='ocrx_word' id='word_1_45' title='bbox 515 819 648 862; x_wconf 90' lang='lat' dir='ltr'>intus</span> <span class='ocrx_word' id='word_1_46' title='bbox 691 816 905 878; x_wconf 86' lang='lat' dir='ltr'>potum,1</span> <span class='ocrx_word' id='word_1_47' title='bbox 949 815 1064 862; x_wconf 91' lang='lat' dir='ltr'>foris</span> <span class='ocrx_word' id='word_1_48' title='bbox 1103 816 1314 861; x_wconf 89' lang='lat' dir='ltr'>inlitum.</span> <span class='ocrx_word' id='word_1_49' title='bbox 1384 816 1560 862; x_wconf 88' lang='lat' dir='ltr'>evulsis</span> <span class='ocrx_word' id='word_1_50' title='bbox 1599 816 1707 878; x_wconf 90' lang='lat' dir='ltr'>pilis</span> <span class='ocrx_word' id='word_1_51' title='bbox 1750 833 1812 863; x_wconf 89' lang='lat' dir='ltr'>ex</span> 
     </span>
     <span class='ocr_line' id='line_1_10' title="bbox 344 893 1809 956; baseline 0.001 -18"><span class='ocrx_word' id='word_1_52' title='bbox 344 900 485 939; x_wconf 90' lang='lat' dir='ltr'>aceto</span> <span class='ocrx_word' id='word_1_53' title='bbox 521 894 743 939; x_wconf 89' lang='lat' dir='ltr'>inlinitur</span> <span class='ocrx_word' id='word_1_54' title='bbox 776 900 1195 955; x_wconf 82' lang='lat' dir='ltr'>renascentesque</span> <span class='ocrx_word' id='word_1_55' title='bbox 1231 893 1389 939; x_wconf 87' lang='lat' dir='ltr'>mollit</span> <span class='ocrx_word' id='word_1_56' title='bbox 1424 896 1473 938; x_wconf 95' lang='lat' dir='ltr'>in</span> <span class='ocrx_word' id='word_1_57' title='bbox 1508 893 1809 956; x_wconf 89' lang='lat' dir='ltr'>languinem.</span> 
     </span>
    </p>
   </div>
   <div class='ocr_carea' id='block_1_4' title="bbox 238 970 1811 1033">
    <p class='ocr_par' dir='ltr' id='par_1_4' title="bbox 238 970 1811 1033">
     <span class='ocr_line' id='line_1_11' title="bbox 238 970 1811 1033; baseline 0.002 -20"><span class='ocrx_word' id='word_1_58' title='bbox 238 978 309 1015; x_wconf 60' lang='lat'>189</span> <span class='ocrx_word' id='word_1_59' title='bbox 341 987 533 1015; x_wconf 83' lang='lat' dir='ltr'>summa</span> <span class='ocrx_word' id='word_1_60' title='bbox 554 971 572 999; x_wconf 83' lang='lat'><strong>2</strong></span> <span class='ocrx_word' id='word_1_61' title='bbox 597 974 818 1016; x_wconf 92' lang='lat' dir='ltr'>omnium</span> <span class='ocrx_word' id='word_1_62' title='bbox 842 987 1084 1033; x_wconf 85' lang='lat' dir='ltr'>generum</span> <span class='ocrx_word' id='word_1_63' title='bbox 1110 973 1179 1016; x_wconf 82' lang='lat' dir='ltr'>vis</span> <span class='ocrx_word' id='word_1_64' title='bbox 1205 973 1256 1016; x_wconf 91' lang='lat' dir='ltr'>in</span> <span class='ocrx_word' id='word_1_65' title='bbox 1282 970 1654 1033; x_wconf 67' lang='lat' dir='ltr'>adstfingendo,</span> <span class='ocrx_word' id='word_1_66' title='bbox 1679 970 1811 1017; x_wconf 91' lang='lat' dir='ltr'>unde</span> 
     </span>
    </p>
   </div>
   <div class='ocr_carea' id='block_1_5' title="bbox 236 1751 308 1788">
    <p class='ocr_par' dir='ltr' id='par_1_5' title="bbox 236 1751 308 1788">
     <span class='ocr_line' id='line_1_12' title="bbox 236 1751 308 1788; baseline 0.014 -1"><span class='ocrx_word' id='word_1_67' title='bbox 236 1751 308 1788; x_wconf 78' lang='lat'>190</span> 
     </span>
    </p>
   </div>
   <div class='ocr_carea' id='block_1_6' title="bbox 340 1047 1813 2038">
    <p class='ocr_par' dir='ltr' id='par_1_6' title="bbox 340 1047 1813 2038">
     <span class='ocr_line' id='line_1_13' title="bbox 343 1047 1813 1109; baseline 0.001 -17"><span class='ocrx_word' id='word_1_68' title='bbox 343 1064 523 1092; x_wconf 92' lang='lat' dir='ltr'>nomen</span> <span class='ocrx_word' id='word_1_69' title='bbox 576 1048 791 1093; x_wconf 90' lang='lat' dir='ltr'>Graecis.</span> <span class='ocrx_word' id='word_1_70' title='bbox 861 1048 924 1094; x_wconf 94' lang='lat' dir='ltr'>ob</span> <span class='ocrx_word' id='word_1_71' title='bbox 974 1047 1024 1093; x_wconf 94' lang='lat' dir='ltr'>id</span> <span class='ocrx_word' id='word_1_72' title='bbox 1075 1047 1326 1093; x_wconf 89' lang='lat' dir='ltr'>oculorum</span> <span class='ocrx_word' id='word_1_73' title='bbox 1378 1050 1506 1093; x_wconf 87' lang='lat' dir='ltr'>vitiis</span> <span class='ocrx_word' id='word_1_74' title='bbox 1558 1050 1813 1109; x_wconf 86' lang='lat' dir='ltr'>aptissima</span> 
     </span>
     <span class='ocr_line' id='line_1_14' title="bbox 342 1124 1812 1187; baseline 0.001 -17"><span class='ocrx_word' id='word_1_75' title='bbox 342 1132 473 1179; x_wconf 86' lang='lat' dir='ltr'>sunt,</span> <span class='ocrx_word' id='word_1_76' title='bbox 537 1128 787 1187; x_wconf 82' lang='lat' dir='ltr'>sanguinis</span> <span class='ocrx_word' id='word_1_77' title='bbox 850 1125 1106 1171; x_wconf 88' lang='lat' dir='ltr'>fluctiones</span> <span class='ocrx_word' id='word_1_78' title='bbox 1169 1124 1410 1171; x_wconf 79' lang='lat' dir='ltr'>inhibent.</span> <span class='ocrx_word' id='word_1_79' title='bbox 1492 1142 1604 1171; x_wconf 91' lang='lat' dir='ltr'>cum</span> <span class='ocrx_word' id='word_1_80' title='bbox 1666 1124 1812 1187; x_wconf 77' lang='lat' dir='ltr'>adipe</span> 
     </span>
     <span class='ocr_line' id='line_1_15' title="bbox 342 1201 1811 1264; baseline 0.001 -17"><span class='ocrx_word' id='word_1_81' title='bbox 342 1206 681 1264; x_wconf 77' lang='lat' dir='ltr'>putrescentia</span> <span class='ocrx_word' id='word_1_82' title='bbox 719 1202 939 1248; x_wconf 85' lang='lat' dir='ltr'>ulcerum</span> <span class='ocrx_word' id='word_1_83' title='bbox 977 1205 1247 1264; x_wconf 84' lang='lat' dir='ltr'>compescit</span> <span class='ocrx_word' id='word_1_84' title='bbox 1265 1202 1417 1248; x_wconf 86' lang='lat' dir='ltr'>3—sic</span> <span class='ocrx_word' id='word_1_85' title='bbox 1457 1209 1508 1248; x_wconf 87' lang='lat' dir='ltr'>et</span> <span class='ocrx_word' id='word_1_86' title='bbox 1546 1201 1811 1249; x_wconf 80' lang='lat' dir='ltr'>infantium</span> 
     </span>
     <span class='ocr_line' id='line_1_16' title="bbox 343 1279 1812 1343; baseline 0.001 -19"><span class='ocrx_word' id='word_1_87' title='bbox 343 1279 507 1325; x_wconf 91' lang='lat' dir='ltr'>ulcera</span> <span class='ocrx_word' id='word_1_88' title='bbox 528 1280 548 1307; x_wconf 75' lang='grc'>4</span> <span class='ocrx_word' id='word_1_89' title='bbox 619 1287 672 1325; x_wconf 88' lang='lat' dir='ltr'>et</span> <span class='ocrx_word' id='word_1_90' title='bbox 736 1279 1116 1343; x_wconf 87' lang='lat' dir='ltr'>hydropicorum</span> <span class='ocrx_word' id='word_1_91' title='bbox 1188 1282 1472 1341; x_wconf 87' lang='lat' dir='ltr'>eruptiones</span> <span class='ocrx_word' id='word_1_92' title='bbox 1543 1282 1812 1327; x_wconf 80' lang='lat' dir='ltr'>siccat—et</span> 
     </span>
     <span class='ocr_line' id='line_1_17' title="bbox 341 1356 1812 1420; baseline 0.001 -18"><span class='ocrx_word' id='word_1_93' title='bbox 341 1359 532 1402; x_wconf 90' lang='lat' dir='ltr'>aurium</span> <span class='ocrx_word' id='word_1_94' title='bbox 564 1360 684 1402; x_wconf 87' lang='lat' dir='ltr'>vitia</span> <span class='ocrx_word' id='word_1_95' title='bbox 714 1374 826 1403; x_wconf 91' lang='lat' dir='ltr'>cum</span> <span class='ocrx_word' id='word_1_96' title='bbox 859 1374 974 1403; x_wconf 90' lang='lat' dir='ltr'>suco</span> <span class='ocrx_word' id='word_1_97' title='bbox 1006 1356 1175 1403; x_wconf 88' lang='lat' dir='ltr'>Punici</span> <span class='ocrx_word' id='word_1_98' title='bbox 1207 1357 1323 1402; x_wconf 90' lang='lat' dir='ltr'>mali</span> <span class='ocrx_word' id='word_1_99' title='bbox 1356 1364 1408 1403; x_wconf 92' lang='lat' dir='ltr'>et</span> <span class='ocrx_word' id='word_1_100' title='bbox 1440 1360 1679 1420; x_wconf 90' lang='lat' dir='ltr'>unguium</span> <span class='ocrx_word' id='word_1_101' title='bbox 1710 1374 1812 1405; x_wconf 85' lang='lat' dir='ltr'>sca-</span> 
     </span>
     <span class='ocr_line' id='line_1_18' title="bbox 341 1435 1810 1498; baseline 0.002 -19"><span class='ocrx_word' id='word_1_102' title='bbox 341 1435 511 1480; x_wconf 88' lang='lat' dir='ltr'>britias</span> <span class='ocrx_word' id='word_1_103' title='bbox 555 1438 939 1497; x_wconf 84' lang='lat' dir='ltr'>cicatricumque</span> <span class='ocrx_word' id='word_1_104' title='bbox 983 1435 1188 1481; x_wconf 89' lang='lat' dir='ltr'>duritias</span> <span class='ocrx_word' id='word_1_105' title='bbox 1234 1441 1286 1480; x_wconf 87' lang='lat' dir='ltr'>et</span> <span class='ocrx_word' id='word_1_106' title='bbox 1328 1438 1560 1498; x_wconf 87' lang='lat' dir='ltr'>pterygia</span> <span class='ocrx_word' id='word_1_107' title='bbox 1603 1452 1659 1481; x_wconf 86' lang='lat' dir='ltr'>ac</span> <span class='ocrx_word' id='word_1_108' title='bbox 1701 1451 1810 1498; x_wconf 89' lang='lat' dir='ltr'>per-</span> 
     </span>
     <span class='ocr_line' id='line_1_19' title="bbox 341 1512 1810 1575; baseline 0.001 -18"><span class='ocrx_word' id='word_1_109' title='bbox 341 1515 528 1565; x_wconf 84' lang='lat' dir='ltr'>niones,</span> <span class='ocrx_word' id='word_1_110' title='bbox 554 1512 906 1574; x_wconf 85' lang='lat' dir='ltr'>phagedaenas</span> <span class='ocrx_word' id='word_1_111' title='bbox 931 1512 1151 1558; x_wconf 89' lang='lat' dir='ltr'>ulcerum</span> <span class='ocrx_word' id='word_1_112' title='bbox 1178 1529 1238 1558; x_wconf 87' lang='lat' dir='ltr'>ex</span> <span class='ocrx_word' id='word_1_113' title='bbox 1265 1518 1407 1558; x_wconf 88' lang='lat' dir='ltr'>aceto</span> <span class='ocrx_word' id='word_1_114' title='bbox 1433 1519 1519 1558; x_wconf 85' lang='lat' dir='ltr'>aut</span> <span class='ocrx_word' id='word_1_115' title='bbox 1544 1529 1656 1558; x_wconf 92' lang='lat' dir='ltr'>cum</span> <span class='ocrx_word' id='word_1_116' title='bbox 1679 1513 1810 1575; x_wconf 87' lang='lat' dir='ltr'>galla</span> 
     </span>
     <span class='ocr_line' id='line_1_20' title="bbox 340 1589 1809 1651; baseline 0.001 -17"><span class='ocrx_word' id='word_1_117' title='bbox 340 1592 444 1650; x_wconf 89' lang='lat' dir='ltr'>pari</span> <span class='ocrx_word' id='word_1_118' title='bbox 473 1590 693 1651; x_wconf 89' lang='lat' dir='ltr'>pondere</span> <span class='ocrx_word' id='word_1_119' title='bbox 722 1597 959 1644; x_wconf 80' lang='lat' dir='ltr'>cremata,</span> <span class='ocrx_word' id='word_1_120' title='bbox 988 1589 1148 1651; x_wconf 88' lang='lat' dir='ltr'>lepras</span> <span class='ocrx_word' id='word_1_121' title='bbox 1177 1606 1290 1635; x_wconf 90' lang='lat' dir='ltr'>cum</span> <span class='ocrx_word' id='word_1_122' title='bbox 1319 1606 1434 1635; x_wconf 89' lang='lat' dir='ltr'>suco</span> <span class='ocrx_word' id='word_1_123' title='bbox 1462 1589 1668 1644; x_wconf 89' lang='lat' dir='ltr'>olerum,</span> <span class='ocrx_word' id='word_1_124' title='bbox 1696 1606 1809 1636; x_wconf 90' lang='lat' dir='ltr'>cum</span> 
     </span>
     <span class='ocr_line' id='line_1_21' title="bbox 341 1666 1809 1729; baseline 0.001 -17"><span class='ocrx_word' id='word_1_125' title='bbox 341 1666 452 1712; x_wconf 89' lang='lat' dir='ltr'>salis</span> <span class='ocrx_word' id='word_1_126' title='bbox 486 1683 601 1713; x_wconf 91' lang='lat' dir='ltr'>vero</span> <span class='ocrx_word' id='word_1_127' title='bbox 636 1683 672 1712; x_wconf 90' lang='lat'>11</span> <span class='ocrx_word' id='word_1_128' title='bbox 706 1668 930 1729; x_wconf 87' lang='lat' dir='ltr'>partibus</span> <span class='ocrx_word' id='word_1_129' title='bbox 963 1670 1100 1721; x_wconf 83' lang='lat' dir='ltr'>vitia,</span> <span class='ocrx_word' id='word_1_130' title='bbox 1134 1683 1262 1729; x_wconf 89' lang='lat' dir='ltr'>quae</span> <span class='ocrx_word' id='word_1_131' title='bbox 1296 1673 1519 1729; x_wconf 88' lang='lat' dir='ltr'>serpunt,</span> <span class='ocrx_word' id='word_1_132' title='bbox 1552 1667 1722 1713; x_wconf 89' lang='lat' dir='ltr'>lendes</span> <span class='ocrx_word' id='word_1_133' title='bbox 1757 1675 1809 1714; x_wconf 88' lang='lat' dir='ltr'>et</span> 
     </span>
     <span class='ocr_line' id='line_1_22' title="bbox 341 1744 1808 1806; baseline 0.001 -17"><span class='ocrx_word' id='word_1_134' title='bbox 341 1744 435 1789; x_wconf 88' lang='lat' dir='ltr'>alia</span> <span class='ocrx_word' id='word_1_135' title='bbox 465 1744 751 1805; x_wconf 83' lang='lat' dir='ltr'>capillorum</span> <span class='ocrx_word' id='word_1_136' title='bbox 783 1745 1013 1790; x_wconf 87' lang='lat' dir='ltr'>animalia</span> <span class='ocrx_word' id='word_1_137' title='bbox 1044 1761 1203 1806; x_wconf 90' lang='lat' dir='ltr'>aquae</span> <span class='ocrx_word' id='word_1_138' title='bbox 1224 1745 1243 1774; x_wconf 85' lang='lat'><strong>5</strong></span> <span class='ocrx_word' id='word_1_139' title='bbox 1272 1747 1590 1806; x_wconf 84' lang='lat' dir='ltr'>permixtum.</span> <span class='ocrx_word' id='word_1_140' title='bbox 1659 1748 1726 1790; x_wconf 92' lang='lat' dir='ltr'>sic</span> <span class='ocrx_word' id='word_1_141' title='bbox 1756 1752 1808 1791; x_wconf 90' lang='lat' dir='ltr'>et</span> 
     </span>
     <span class='ocr_line' id='line_1_23' title="bbox 341 1821 1808 1883; baseline 0.001 -17"><span class='ocrx_word' id='word_1_142' title='bbox 341 1822 580 1867; x_wconf 86' lang='lat' dir='ltr'>ambustis</span> <span class='ocrx_word' id='word_1_143' title='bbox 618 1822 821 1883; x_wconf 90' lang='lat' dir='ltr'>prodest</span> <span class='ocrx_word' id='word_1_144' title='bbox 860 1829 912 1867; x_wconf 87' lang='lat' dir='ltr'>et</span> <span class='ocrx_word' id='word_1_145' title='bbox 949 1821 1217 1868; x_wconf 88' lang='lat' dir='ltr'>furfuribus</span> <span class='ocrx_word' id='word_1_146' title='bbox 1255 1838 1513 1883; x_wconf 89' lang='lat' dir='ltr'>corporum</span> <span class='ocrx_word' id='word_1_147' title='bbox 1550 1838 1662 1868; x_wconf 91' lang='lat' dir='ltr'>cum</span> <span class='ocrx_word' id='word_1_148' title='bbox 1699 1838 1808 1868; x_wconf 87' lang='lat' dir='ltr'>sero</span> 
     </span>
     <span class='ocr_line' id='line_1_24' title="bbox 340 1898 1806 1962; baseline 0.001 -19"><span class='ocrx_word' id='word_1_149' title='bbox 340 1901 473 1960; x_wconf 89' lang='lat' dir='ltr'>picis.</span> <span class='ocrx_word' id='word_1_150' title='bbox 543 1898 820 1945; x_wconf 88' lang='lat' dir='ltr'>infunditur</span> <span class='ocrx_word' id='word_1_151' title='bbox 869 1906 921 1944; x_wconf 89' lang='lat' dir='ltr'>et</span> <span class='ocrx_word' id='word_1_152' title='bbox 970 1899 1279 1962; x_wconf 84' lang='lat' dir='ltr'>dysintericis</span> <span class='ocrx_word' id='word_1_153' title='bbox 1330 1915 1576 1961; x_wconf 88' lang='lat' dir='ltr'>uvamque</span> <span class='ocrx_word' id='word_1_154' title='bbox 1624 1902 1675 1944; x_wconf 89' lang='lat' dir='ltr'>in</span> <span class='ocrx_word' id='word_1_155' title='bbox 1723 1915 1806 1946; x_wconf 86' lang='lat' dir='ltr'>ore</span> 
     </span>
     <span class='ocr_line' id='line_1_25' title="bbox 340 1976 1806 2038; baseline 0.001 -17"><span class='ocrx_word' id='word_1_156' title='bbox 340 1979 619 2038; x_wconf 87' lang='lat' dir='ltr'>comprimit</span> <span class='ocrx_word' id='word_1_157' title='bbox 658 1993 713 2022; x_wconf 86' lang='lat' dir='ltr'>ac</span> <span class='ocrx_word' id='word_1_158' title='bbox 751 1976 985 2022; x_wconf 69' lang='lat' dir='ltr'>tonsillas</span> <span class='ocrx_word' id='word_1_159' title='bbox 1055 1977 1118 2022; x_wconf 89' lang='lat' dir='ltr'>ad</span> <span class='ocrx_word' id='word_1_160' title='bbox 1156 1979 1336 2031; x_wconf 89' lang='lat' dir='ltr'>omnia,</span> <span class='ocrx_word' id='word_1_161' title='bbox 1376 1992 1504 2038; x_wconf 88' lang='lat' dir='ltr'>quae</span> <span class='ocrx_word' id='word_1_162' title='bbox 1541 1979 1592 2022; x_wconf 93' lang='lat' dir='ltr'>in</span> <span class='ocrx_word' id='word_1_163' title='bbox 1629 1979 1806 2023; x_wconf 89' lang='lat' dir='ltr'>ceteris</span> 
     </span>
    </p>
   </div>
   <div class='ocr_carea' id='block_1_7' title="bbox 346 2096 1801 2414">
    <p class='ocr_par' dir='ltr' id='par_1_7' title="bbox 399 2096 1348 2172">
     <span class='ocr_line' id='line_1_26' title="bbox 399 2096 1348 2172; baseline 0.001 -38"><span class='ocrx_word' id='word_1_164' title='bbox 399 2096 414 2172; x_wconf 56' lang='grc' dir='ltr'>ζ</span> <span class='ocrx_word' id='word_1_165' title='bbox 446 2100 595 2159; x_wconf 77' lang='lat' dir='ltr'>potum</span> <span class='ocrx_word' id='word_1_166' title='bbox 619 2097 754 2147; x_wconf 65' lang='lat' dir='ltr'>Silliq,</span> <span class='ocrx_word' id='word_1_167' title='bbox 778 2097 888 2136; x_wconf 79' lang='lat' dir='ltr'>Ian:</span> <span class='ocrx_word' id='word_1_168' title='bbox 929 2100 1073 2135; x_wconf 82' lang='lat' dir='ltr'>totum</span> <span class='ocrx_word' id='word_1_169' title='bbox 1095 2102 1167 2136; x_wconf 75' lang='lat' dir='ltr'>aut</span> <span class='ocrx_word' id='word_1_170' title='bbox 1189 2101 1348 2136; x_wconf 81' lang='lat' dir='ltr'>tutum.</span> 
     </span>
    </p>

    <p class='ocr_par' dir='ltr' id='par_1_8' title="bbox 399 2150 1485 2254">
     <span class='ocr_line' id='line_1_27' title="bbox 399 2150 1485 2254; baseline 0.002 -13"><span class='ocrx_word' id='word_1_171' title='bbox 399 2204 413 2225; x_wconf 75' lang='lat'><strong>³</strong></span> <span class='ocrx_word' id='word_1_172' title='bbox 444 2150 793 2254; x_wconf 41' lang='lat' dir='ltr'>IPoisitscilondiiigssit</span> <span class='ocrx_word' id='word_1_173' title='bbox 813 2203 887 2242; x_wconf 81' lang='lat' dir='ltr'>clel.</span> <span class='ocrx_word' id='word_1_174' title='bbox 913 2216 1009 2242; x_wconf 90' lang='lat' dir='ltr'>cum</span> <span class='ocrx_word' id='word_1_175' title='bbox 1031 2203 1156 2254; x_wconf 75' lang='lat' dir='ltr'>adipe</span> <span class='ocrx_word' id='word_1_176' title='bbox 1177 2203 1232 2242; x_wconf 88' lang='lat' dir='ltr'>K.</span> <span class='ocrx_word' id='word_1_177' title='bbox 1257 2203 1303 2242; x_wconf 83' lang='lat' dir='ltr'>C.</span> <span class='ocrx_word' id='word_1_178' title='bbox 1326 2203 1485 2253; x_wconf 74' lang='lat' dir='ltr'>Bailey.</span> 
     </span>
    </p>

    <p class='ocr_par' dir='ltr' id='par_1_9' title="bbox 400 2256 1664 2308">
     <span class='ocr_line' id='line_1_28' title="bbox 400 2256 1664 2308; baseline 0.001 -14"><span class='ocrx_word' id='word_1_179' title='bbox 400 2257 413 2277; x_wconf 78' lang='lat'>⁴</span> <span class='ocrx_word' id='word_1_180' title='bbox 444 2256 501 2294; x_wconf 83' lang='lat' dir='ltr'>sic</span> <span class='ocrx_word' id='word_1_181' title='bbox 525 2286 532 2294; x_wconf 92' lang='lat'><strong>.</strong></span> <span class='ocrx_word' id='word_1_182' title='bbox 557 2286 566 2295; x_wconf 87' lang='lat'><strong>.</strong></span> <span class='ocrx_word' id='word_1_183' title='bbox 592 2287 599 2295; x_wconf 92' lang='lat'><em>.</em></span> <span class='ocrx_word' id='word_1_184' title='bbox 623 2257 763 2296; x_wconf 84' lang='lat' dir='ltr'>ulcera</span> <span class='ocrx_word' id='word_1_185' title='bbox 781 2269 909 2306; x_wconf 76' lang='lat' dir='ltr'>supra</span> <span class='ocrx_word' id='word_1_186' title='bbox 927 2262 1022 2295; x_wconf 83' lang='lat' dir='ltr'>ante</span> <span class='ocrx_word' id='word_1_187' title='bbox 1040 2257 1327 2308; x_wconf 84' lang='lat' dir='ltr'>putrescentia</span> <span class='ocrx_word' id='word_1_188' title='bbox 1346 2256 1405 2295; x_wconf 80' lang='lat' dir='ltr'>cd.</span> <span class='ocrx_word' id='word_1_189' title='bbox 1425 2257 1524 2295; x_wconf 84' lang='lat' dir='ltr'>Par.</span> <span class='ocrx_word' id='word_1_190' title='bbox 1545 2257 1664 2296; x_wconf 84' lang='lat'>6801.</span> 
     </span>
    </p>

    <p class='ocr_par' dir='ltr' id='par_1_10' title="bbox 346 2309 1801 2414">
     <span class='ocr_line' id='line_1_29' title="bbox 406 2309 1801 2360; baseline 0.001 -13"><span class='ocrx_word' id='word_1_191' title='bbox 406 2309 420 2331; x_wconf 76' lang='lat'>⁵</span> <span class='ocrx_word' id='word_1_192' title='bbox 451 2322 587 2359; x_wconf 82' lang='lat' dir='ltr'>aquae</span> <span class='ocrx_word' id='word_1_193' title='bbox 611 2312 716 2349; x_wconf 71' lang='lat' dir='ltr'>coni.</span> <span class='ocrx_word' id='word_1_194' title='bbox 747 2311 843 2356; x_wconf 78' lang='lat' dir='ltr'>Ian,</span> <span class='ocrx_word' id='word_1_195' title='bbox 874 2310 1024 2360; x_wconf 69' lang='lat' dir='ltr'>Silliq:</span> <span class='ocrx_word' id='word_1_196' title='bbox 1068 2322 1177 2360; x_wconf 84' lang='lat' dir='ltr'>aque</span> <span class='ocrx_word' id='word_1_197' title='bbox 1201 2310 1282 2349; x_wconf 80' lang='lat' dir='ltr'>B²z</span> <span class='ocrx_word' id='word_1_198' title='bbox 1326 2315 1455 2360; x_wconf 80' lang='lat' dir='ltr'>atque</span> <span class='ocrx_word' id='word_1_199' title='bbox 1479 2310 1564 2349; x_wconf 83' lang='lat' dir='ltr'>B1:</span> <span class='ocrx_word' id='word_1_200' title='bbox 1607 2322 1715 2360; x_wconf 80' lang='lat' dir='ltr'>quae</span> <span class='ocrx_word' id='word_1_201' title='bbox 1742 2309 1801 2349; x_wconf 82' lang='lat' dir='ltr'>cd.</span> 
     </span>
     <span class='ocr_line' id='line_1_30' title="bbox 346 2362 870 2414; baseline 0.008 -16"><span class='ocrx_word' id='word_1_202' title='bbox 346 2362 456 2400; x_wconf 58' lang='grc' dir='ltr'><em>Λεία.</em></span> <span class='ocrx_word' id='word_1_203' title='bbox 488 2364 633 2412; x_wconf 72' lang='lat' dir='ltr'>Lips.:</span> <span class='ocrx_word' id='word_1_204' title='bbox 680 2376 760 2414; x_wconf 84' lang='lat' dir='ltr'>que</span> <span class='ocrx_word' id='word_1_205' title='bbox 787 2364 870 2402; x_wconf 85' lang='lat' dir='ltr'>rell.</span> 
     </span>
    </p>
   </div>
   <div class='ocr_carea' id='block_1_8' title="bbox 452 2497 1755 2602">
    <p class='ocr_par' dir='ltr' id='par_1_11' title="bbox 452 2497 1755 2602">
     <span class='ocr_line' id='line_1_31' title="bbox 452 2497 1755 2550; baseline 0.001 -15.038"><span class='ocrx_word' id='word_1_206' title='bbox 452 2497 549 2536; x_wconf 79' lang='lat' dir='ltr'>“In</span> <span class='ocrx_word' id='word_1_207' title='bbox 572 2497 593 2548; x_wconf 64' lang='grc' dir='ltr'><strong>ξ</strong></span> <span class='ocrx_word' id='word_1_208' title='bbox 618 2500 692 2537; x_wconf 84' lang='grc'>184</span> <span class='ocrx_word' id='word_1_209' title='bbox 715 2498 839 2549; x_wconf 88' lang='lat' dir='ltr'>Pliny</span> <span class='ocrx_word' id='word_1_210' title='bbox 861 2499 1025 2549; x_wconf 82' lang='lat' dir='ltr'>implies</span> <span class='ocrx_word' id='word_1_211' title='bbox 1048 2498 1143 2537; x_wconf 82' lang='lat' dir='ltr'>that</span> <span class='ocrx_word' id='word_1_212' title='bbox 1166 2498 1238 2537; x_wconf 87' lang='lat' dir='ltr'>the</span> <span class='ocrx_word' id='word_1_213' title='bbox 1262 2498 1311 2537; x_wconf 69' lang='lat' dir='ltr'>b&lt;</span> <span class='ocrx_word' id='word_1_214' title='bbox 1303 2502 1353 2537; x_wconf 81' lang='lat' dir='ltr'>st</span> <span class='ocrx_word' id='word_1_215' title='bbox 1376 2499 1410 2537; x_wconf 80' lang='lat' dir='ltr'>is</span> <span class='ocrx_word' id='word_1_216' title='bbox 1432 2498 1504 2537; x_wconf 86' lang='lat' dir='ltr'>the</span> <span class='ocrx_word' id='word_1_217' title='bbox 1527 2498 1622 2549; x_wconf 71' lang='lat' dir='ltr'>Eg)</span> <span class='ocrx_word' id='word_1_218' title='bbox 1623 2499 1755 2550; x_wconf 81' lang='lat' dir='ltr'>ptian.</span> 
     </span>
     <span class='ocr_line' id='line_1_32' title="bbox 456 2550 741 2602; baseline 0.011 -14"><span class='ocrx_word' id='word_1_219' title='bbox 456 2551 470 2574; x_wconf 62' lang='grc' dir='ltr'>ὁ</span> <span class='ocrx_word' id='word_1_220' title='bbox 500 2550 741 2602; x_wconf 84' lang='grc' dir='ltr'>Στυπτηρία.</span> 
     </span>
    </p>
   </div>
   <div class='ocr_carea' id='block_1_9' title="bbox 338 2642 428 2682">
    <p class='ocr_par' dir='ltr' id='par_1_12' title="bbox 338 2642 428 2682">
     <span class='ocr_line' id='line_1_33' title="bbox 338 2642 428 2682; baseline 0 -10"><span class='ocrx_word' id='word_1_221' title='bbox 338 2642 428 2682; x_wconf 83' lang='grc'>400</span> 
     </span>
    </p>
   </div>
  </div>
 </body>
</html>
