1899 3015
585 218 828 266 PLINY:
885 217 1213 264 NATURAL
1255 216 1549 263 HISTORY

337 347 485 400 ditur,
523 363 620 408 quo
658 352 867 407 apparet
903 348 1092 407 ignium
1133 347 1231 390 vim
1273 360 1505 406 magnam
1543 346 1586 389 ei
1623 346 1797 390 inesse.

335 419 557 473 fulmina,
599 419 797 481 fulgura
843 433 1041 480 quoque
1089 417 1298 479 sulpuris
1347 416 1548 462 odorem
1595 416 1800 470 habent,

335 509 390 538 ac
425 493 508 538 lux
538 496 641 554 ipsa
673 509 842 538 eorum
871 491 1101 553 sulpurea
1131 498 1221 536 est.

229 574 302 612 178
400 566 481 612 LI.
519 567 586 611 Et
615 567 870 611 bituminis
900 567 1057 610 vicina
1087 571 1265 609 natura
1295 570 1385 609 est.
1456 563 1604 608 aliubi
1642 563 1801 618 limus,

335 639 484 685 aliubi
520 646 653 684 terra
690 645 783 692 est,
819 638 962 683 limus
1000 654 1027 683 e
1066 637 1282 683 Iudaeae
1318 636 1444 691 lacu,
1481 643 1537 682 ut
1572 637 1801 691 diximus,

337 729 613 775 emergens,
659 719 793 758 terra
837 715 887 756 in
932 710 1072 774 Syria
1116 713 1243 756 circa
1287 709 1521 755 Sidonem
1565 709 1801 771 oppidum

335 789 653 831 maritimum.
723 788 996 847 spissantur
1036 783 1160 829 haec
1202 790 1414 845 utraque
1458 789 1510 828 et
1551 785 1600 828 in
1643 782 1802 828 densi-

336 866 496 905 tatem
543 866 740 904 coeunt.
810 865 887 904 est
934 874 1049 904 vero
1097 856 1337 919 liquidum
1385 857 1630 911 bitumen,
1678 859 1803 902 sicut

336 932 663 994 Zacynthium
717 938 769 978 et
821 931 953 993 quod
1006 947 1035 976 a
1085 930 1340 993 Babylone
1392 929 1667 983 invehitur3
1736 930 1802 974 ibi

336 1005 537 1068 quidem
594 1012 646 1051 et
700 1005 965 1051 candidum
1020 1007 1255 1066 gignitur.
1324 1003 1564 1064 liquidum
1621 1009 1697 1048 est
1752 1009 1802 1048 et

335 1078 770 1140 Apolloniaticum,
820 1094 948 1140 quae
999 1080 1164 1123 omnia
1214 1076 1391 1122 Graeci
1440 1075 1802 1138 pissasphalton

231 1160 302 1198 179
335 1152 590 1214 appellant
615 1168 676 1198 ex
701 1158 997 1214 argumento
1022 1154 1140 1212 picis
1166 1167 1221 1196 ac
1245 1151 1515 1195 bituminis.
1583 1152 1804 1212 gignitur

336 1233 388 1271 et
434 1228 619 1288 pingue
666 1225 862 1287 oleique
909 1224 1108 1287 liquoris
1155 1227 1204 1269 in
1251 1222 1413 1269 Sicilia
1459 1223 1803 1285 Agragantino

337 1299 492 1353 fonte,
521 1299 742 1345 inficiens
770 1301 944 1345 rivum.
1013 1297 1201 1343 incolae
1229 1296 1279 1342 id
1307 1295 1639 1342 harundinum
1668 1299 1803 1358 pani-

336 1372 454 1418 culis
476 1372 730 1435 colligunt‚
752 1374 986 1417 citissime
1008 1374 1074 1416 sic
1097 1370 1472 1425 adhaerescens,
1494 1376 1803 1431 utunturque

339 1462 396 1491 eo
426 1445 489 1491 ad
517 1445 828 1491 lucernarum
856 1444 1043 1490 lumina
1075 1444 1169 1490 olei
1198 1446 1320 1497 vice,
1344 1446 1467 1489 item
1497 1443 1560 1489 ad
1587 1444 1803 1489 scabiem

336 1515 686 1558 iumentorum.
755 1518 871 1557 sunt
920 1514 1004 1573 qui
1054 1518 1107 1557 et
1155 1509 1447 1572 naphtham,
1496 1509 1559 1556 de
1609 1526 1707 1572 qua
1755 1513 1803 1555 in

336 1585 551 1631 secundo
596 1586 808 1631 diximus
853 1584 1066 1639 volume,
1110 1585 1365 1630 bituminis
1410 1583 1675 1646 generibus
1720 1583 1804 1629 ad-

335 1659 569 1713 scribant,
592 1675 762 1704 verum
785 1661 888 1704 eius
910 1657 1086 1704 ardens
1109 1664 1287 1703 natura
1309 1663 1361 1701 et
1382 1659 1570 1718 ignium
1591 1663 1804 1719 cognata

232 1740 304 1777 180
336 1732 504 1794 procul
546 1733 608 1778 ab
650 1735 783 1778 omni
825 1748 916 1777 usu
958 1732 1115 1777 abest.
1184 1732 1438 1776 bituminis
1479 1730 1706 1792 probatio
1748 1737 1804 1776 ut

337 1822 486 1867 quam
511 1808 727 1851 maxime
753 1805 1014 1867 splendeat
1039 1808 1203 1866 sitque
1228 1803 1576 1865 ponderosum,
1601 1819 1802 1865 graveo-

337 1878 505 1933 lens;l
550 1879 752 1925 atrum2
795 1879 1004 1932 modice,
1049 1881 1282 1940 quoniam
1325 1877 1636 1922 adulteratur
1677 1880 1799 1938 pice.

337 1955 405 1998 vis
435 1968 563 2014 quae
593 1952 806 2014 sulpuri:
853 1955 999 2006 sistit,
1029 1952 1248 2005 discutit,
1277 1949 1541 2004 contrahit,
1569 1950 1800 2012 glutinat.

337 2032 594 2088 serpentes
645 2042 906 2071 accensum
956 2024 1125 2070 nidore
1176 2024 1333 2086 fugat.
1403 2023 1465 2069 ad
1514 2022 1801 2069 suffusiones

400 2153 412 2175 ¹
441 2152 688 2203 graveolens
711 2151 904 2202 Mayhoff
918 2151 1004 2190 coll.
1028 2152 1164 2190 Diosc.
1186 2167 1194 2190 ε
1232 2164 1360 2201 grave
1380 2150 1471 2189 leve
1491 2150 1600 2199 (lene
1619 2149 1678 2189 cd.
1699 2150 1798 2189 Par.

339 2208 460 2254 (5801)
480 2222 488 2245 :
524 2205 783 2256 graveolens,
805 2206 895 2244 leve
918 2205 1039 2243 Kulb.

395 2260 410 2282 ²
439 2264 581 2298 atrum
606 2259 801 2309 Mayhoff
818 2259 905 2298 coll.
931 2259 1067 2297 Dio-sc.
1088 2274 1096 2296 :
1138 2262 1297 2295 autem.

394 2432 413 2450 ‘²
441 2427 541 2466 This
575 2440 719 2466 occurs
754 2439 800 2464 as
834 2439 860 2464 a
892 2425 1027 2475 liquid
1063 2425 1348 2476 (petroleum),
1384 2438 1430 2463 as
1465 2438 1489 2463 a
1524 2424 1657 2475 liquid
1691 2425 1796 2463 solid

340 2480 531 2528 (mineral
551 2480 664 2531 pitch
688 2480 771 2518 and
793 2480 877 2529 tar)
897 2479 981 2518 and
1002 2492 1048 2516 as
1068 2493 1091 2516 a¹
1112 2478 1215 2516 solid
1239 2478 1458 2529 (asphalt).

394 2531 410 2556 ὸ
439 2534 526 2571 The
547 2534 663 2571 Dead
685 2534 775 2570 Sea.

333 2630 417 2675 302
