1873 3020
260 1351 283 1388 9

230 1717 278 1757 10

568 184 774 231 PLINY
793 202 802 231 t
857 186 1186 233 NATURAL
1231 187 1527 235 HISTORY

313 321 430 359 sunt
464 330 581 375 ergo
615 330 730 359 vasa
763 321 963 360 tantum
998 314 1271 370 Corinthia,
1305 332 1434 378 quae
1467 319 1548 363 isti
1582 317 1782 380 elegan-

314 390 464 432 tiores
519 387 666 432 modo
721 388 783 433 ad
840 388 1094 434 esculenta
1150 388 1476 446 transferunt,
1531 391 1678 437 modo
1730 395 1781 437 in

316 461 537 506 lucernas
577 468 665 507 aut
703 461 906 507 trulleos
947 461 1079 507 nullo
1119 463 1477 509 munditiarum
1516 463 1782 526 dispectu.1

318 538 420 579 eius
459 534 622 581 aeris2
660 538 757 580 tria
797 552 1011 597 genera:
1063 536 1330 581 candidum
1372 544 1582 599 argento
1620 541 1780 584 nitore

314 624 463 669 quam
498 611 721 670 proxime
758 609 1016 664 accedenS,
1052 612 1100 654 in
1138 626 1235 671 quo
1270 609 1353 654 illa
1388 613 1606 656 mixtura
1639 627 1781 673 prae-

315 682 494 735 valuit3
541 681 771 737 alterum,
801 686 849 728 in
880 700 976 745 quo
1007 686 1111 728 auri
1141 682 1273 728 fulva
1303 691 1511 738 natura;
1556 688 1780 741 tertium,

313 758 360 799 in
409 772 506 817 quo
552 755 772 817 aequalis
819 760 1038 801 omnium
1085 759 1354 818 temperies
1402 756 1511 803 fuit.
1579 765 1781 820 praeter

312 827 436 874 haec
477 836 552 874 est
591 832 727 874 cuius
766 833 894 875 ratio
934 847 1031 876 non
1073 837 1242 891 potest
1280 830 1439 886 reddi,
1477 847 1779 894 quamquam

315 901 523 948 hominis
579 919 730 948 manu
788 902 903 957 est,3
959 910 1012 949 at
1068 902 1267 949 fortuna
1325 905 1675 966 temperatur4
1729 908 1779 951 in

312 976 582 1022 simulacris
622 979 874 1038 signisque
915 976 1034 1022 illud
1074 994 1161 1023 suo
1202 977 1363 1023 colore
1403 981 1677 1039 pretiosum
1715 978 1779 1025 ad

312 1052 534 1095 iocineris
582 1053 850 1111 imaginem
898 1066 1124 1112 vergens,
1171 1050 1303 1113 quod
1350 1050 1462 1097 ideo
1512 1050 1779 1114 hepatizon

315 1123 587 1184 appellant,
634 1123 803 1186 procul
850 1140 879 1168 a
927 1123 1198 1180 Corinthio,
1246 1124 1393 1187 longe
1439 1131 1612 1171 tamen
1659 1133 1778 1172 ante

312 1196 661 1258 Aegineticum
703 1205 856 1260 atque
899 1198 1179 1253 Deliacum,
1221 1214 1349 1260 quae
1390 1198 1474 1244 diu
1516 1202 1777 1260 optinuere

308 1273 654 1332 principatum.

379 1343 462 1389 IV.
498 1345 857 1407 Antiquissima
898 1348 1023 1391 aeris
1058 1345 1213 1407 gloria
1255 1345 1460 1391 Deliaco
1505 1344 1617 1402 fuit,
1651 1363 1778 1392 mer-

311 1424 450 1463 catus
493 1421 541 1463 in
586 1419 713 1465 Delo
755 1419 1042 1464 celebrante
1083 1427 1192 1465 toto
1235 1419 1371 1474 orbe,
1415 1426 1467 1465 et
1508 1419 1620 1466 ideo
1661 1437 1777 1466 cura

309 1491 525 1537 officinis.
592 1492 914 1538 tricliniorum
955 1493 1164 1555 pedibus
1206 1492 1471 1555 fulcrisque
1511 1493 1578 1539 ibi
1618 1497 1777 1556 prima

309 1568 434 1610 aeris
457 1566 706 1622 nobilitas,
728 1569 956 1628 pervenit
977 1566 1158 1612 deinde
1183 1573 1236 1612 et
1257 1566 1320 1612 ad
1343 1566 1493 1612 deum
1516 1567 1776 1613 simulacra

309 1638 622 1702 effigiemque
647 1639 902 1686 hominum
930 1647 981 1686 et
1006 1640 1212 1686 aliorum
1238 1640 1539 1686 animalium.

373 1712 429 1757 V.
466 1712 695 1759 Proxima
736 1714 842 1759 laus
884 1714 1180 1776 Aeginetico
1221 1713 1334 1768 fuit,
1376 1713 1534 1759 insula
1576 1721 1629 1760 et
1669 1717 1774 1776 ipsa

310 1785 408 1840 eo‚5
435 1803 526 1833 nec
560 1787 692 1849 quod
725 1788 792 1833 ibi
825 1788 1160 1850 gigneretur,⁶
1189 1787 1276 1833 sed
1310 1787 1614 1833 officinarum
1647 1794 1773 1834 tem-

309 1866 561 1919 peratura,
589 1860 869 1906 nobilitata.
935 1861 1023 1906 bos
1053 1876 1228 1907 aereus
1256 1859 1373 1905 inde
1395 1867 1571 1922 captus
1595 1862 1645 1905 in
1667 1859 1774 1906 foro

307 1931 475 1978 boario
517 1940 594 1979 est
640 1933 843 1980 Romae.
911 1933 1002 1980 hoc
1049 1936 1144 1979 erit
1191 1932 1447 1995 exemplar
1492 1933 1772 1996 Aeginetici

377 2047 391 2070 1
431 2049 505 2087 liz.
530 2049 746 2100 despectu.

372 2101 387 2124 ²
416 2102 505 2141 eius
531 2104 638 2141 aeris
672 2104 980 2153 Warmimjton:
1021 2102 1128 2141 aeris
1153 2103 1260 2141 coni.
1290 2101 1486 2153 Mayhoff
1499 2118 1507 2141 ε
1548 2102 1650 2140 eius.

372 2156 386 2177 ³
419 2168 569 2194 manus
588 2161 653 2195 est
674 2156 869 2207 sllayhoff
883 2173 890 2195 :
926 2169 1056 2194 manu
1077 2156 1193 2195 facta
1212 2155 1299 2195 edd.
1323 2162 1439 2195 vem:
1474 2168 1626 2194 manus
1646 2160 1690 2194 et
1710 2155 1748 2194 Β
1760 2171 1769 2195 :

319 2220 444 2246 manu
474 2209 547 2247 sed
573 2216 643 2248 aut
671 2223 822 2248 manus
849 2209 921 2248 sed
948 2210 1032 2248 rell.

371 2262 385 2284 ⁴¹
428 2263 497 2301 Ill.
522 2267 936 2314 temperamentum:
977 2267 1266 2314 temperatum
1288 2261 1334 2301 G.
1357 2262 1408 2301 F.
1438 2262 1496 2301 W.
1522 2262 1688 2301 Μᾱίῑεν.

369 2315 383 2337 ⁵
412 2329 461 2353 eo
489 2317 704 2367 Mayhoff:
749 2321 826 2356 est.

373 2368 388 2390 ⁶
417 2371 658 2420 gigneretur
683 2370 830 2421 Silliq:
876 2370 1064 2420 signetur
1088 2374 1159 2408 aut
1183 2369 1357 2420 gignens
1381 2374 1454 2408 aut
1477 2368 1652 2420 gimens.

504 2523 521 2541 ‘³
553 2518 609 2558 Or
630 2519 639 2533 ‘
659 2518 723 2557 for
743 2517 815 2557 the
836 2522 1032 2557 neatness
1052 2517 1100 2556 of
1115 2516 1188 2556 the
1208 2515 1550 2568 workmanship.’

311 2612 391 2657 132
