1899 3015
542 206 782 252 PLINY:
841 206 1168 252 NATURAL
1211 206 1505 252 HISTORY

309 333 685 394 splendescente
737 336 987 394 ipsiusque
1039 336 1178 394 pueri
1229 349 1329 386 ore,
1381 337 1501 379 item
1556 333 1778 388 lanificio,

308 403 355 445 in
398 416 494 461 quo
536 406 803 461 properant
844 402 1063 445 omnium
1103 399 1364 444 mulierum
1406 416 1575 462 pensa,
1618 398 1778 446 Ptole-

307 482 449 511 maeo
501 473 730 520 venante,
780 466 868 511 sed
917 466 1215 511 nobilissimo
1265 465 1441 529 Satyro
1490 483 1600 512 cum
1651 466 1778 528 pelle

308 532 619 595 pantherina,
659 549 807 594 quem
847 540 1246 594 aposcopeuonta
1284 533 1554 594 appellant,
1594 534 1778 579 Aristo-

307 599 440 662 phon
469 601 670 645 Ancaeo
690 599 708 627 l
737 599 994 645 vulnerato
1015 600 1033 628 2
1063 600 1125 645 ab
1155 616 1273 660 apro
1301 616 1413 645 cum
1442 603 1572 645 socia
1600 599 1777 646 doloris

310 667 550 728 Astypale
569 667 588 695 3
613 682 974 727 numerosaque
998 666 1185 721 tabula,
1209 669 1258 710 in
1281 682 1379 727 qua
1402 673 1518 712 sunt
1542 664 1779 720 Priamus,

310 733 517 786 Helena,
587 733 880 786 Credulitas,
941 732 1130 787 Ulixes,
1199 732 1507 794 Deiphobus,
1576 733 1775 779 Dolus.⁴¹

200 806 276 846 139
310 800 590 845 Androbius
650 802 810 860 pinxit
870 799 1085 861 Scyllum
1146 815 1346 844 ancoras
1405 799 1776 861 praecidentem
1827 842 1829 844 .

311 865 534 911 Persicae
574 866 755 920 classis,
795 867 1038 912 Artemon
1079 866 1289 911 Danaen
1328 866 1621 912 mirantibus
1662 882 1772 912 eam

309 933 657 995 praedonibus,
719 935 942 994 reginam
1005 932 1334 986 Stratonicen,
1397 932 1664 978 Herculem
1727 939 1779 979 et

311 1000 614 1053 Deianiram,
658 1000 980 1045 nobilissimas
1029 1007 1216 1053 autem,
1261 1015 1388 1060 quae
1433 1006 1549 1045 sunt
1591 1002 1641 1044 in
1685 999 1778 1046 Oc-

309 1069 471 1112 taviae
508 1067 754 1127 operibus,
793 1066 1059 1111 Herculem
1097 1067 1158 1112 ab
1195 1066 1327 1112 Oeta
1362 1073 1533 1112 monte
1570 1066 1779 1112 Doridos

311 1140 487 1179 exusta
546 1133 852 1178 mortalitate
911 1149 1150 1179 consensu
1212 1133 1418 1178 deorum
1478 1136 1527 1178 in
1587 1132 1778 1178 caelum

311 1207 531 1253 euntem,
585 1199 937 1245 Laomedontis
1003 1203 1127 1244 circa
1199 1199 1464 1245 Herculem
1531 1206 1584 1245 et
1650 1199 1777 1262 Nep-

310 1274 485 1312 tunum
554 1265 836 1320 historiam3
922 1265 1234 1311 Alcimachus
1305 1266 1626 1328 Dioxippum,
1695 1269 1777 1328 qui

310 1336 562 1410 pancratio
609 1333 871 1412 Olympiae
917 1336 1040 1378 citra
1091 1333 1343 1394 pulv-e1is5
1395 1336 1596 1387 iactum,
1649 1333 1780 1395 quod

311 1407 488 1445 xoeant
519 1394 728 1454 ἀκονιτί,
762 1402 904 1453 vicit;
956 1399 1150 1445 Coenus
1183 1407 1465 1445 stemmata.

203 1472 277 1511 140
376 1466 698 1521 Ctesilochus,
741 1466 927 1527 Apellis
976 1466 1258 1527 discipuluS,
1301 1466 1546 1527 petulanti
1589 1469 1781 1528 pictura

311 1536 543 1587 innotuit,
579 1533 694 1578 Iove
733 1533 968 1578 Liberum
1005 1536 1314 1594 parturiente
1349 1533 1546 1594 depicto
1579 1535 1780 1579 mitrato

311 1607 362 1645 et
387 1600 694 1645 muliebriter
713 1603 1084 1662 ingemescente
1105 1603 1234 1645 inter
1253 1600 1538 1645 obstetricia
1558 1600 1780 1653 dearum,

310 1666 462 1712 Cleon
500 1666 704 1721 Cadmo,
742 1667 1053 1712 Ctesidemus
1091 1666 1356 1712 Oechaliae
1395 1669 1780 1729 expugnatione,

313 1734 597 1787 Laodamia,
651 1733 928 1779 C'tesicles6
982 1737 1183 1795 reginae
1236 1732 1537 1778 Stratonices
1589 1736 1778 1778 iniuria.

311 1800 442 1845 nullo
495 1803 626 1846 enim
684 1800 868 1846 honore
921 1807 1159 1862 exceptus
1212 1801 1274 1846 ab
1327 1816 1386 1845 ea
1437 1803 1598 1862 pinxit
1650 1799 1778 1846 volu·

371 1907 385 1930 1
416 1907 585 1945 Ancaeo
610 1907 730 1945 Gelan
800 1907 1017 1945 Ancaeum
1041 1907 1271 1957 Detlessen:
1314 1907 1465 1945 ancaiu
1489 1906 1572 1945 B1:
1627 1907 1777 1957 angaiu

320 1960 371 1997 Β2
391 1976 398 1998 :
437 1960 617 1998 anchah‘i
638 1961 721 2000 rell.

372 2015 386 2036 ²
418 2014 641 2052 vulnerato
666 2013 751 2052 edri.
781 2019 895 2052 vett.:
941 2014 1256 2052 muineratumo
1281 2013 1345 2051 B:
1390 2012 1613 2052 vulnerati]
1641 2013 1720 2051 rell.

371 2068 386 2090 ³
417 2067 678 2118 Astypalaea
699 2068 860 2106 Brzmn.
1047 2068 1063 2090 4
1093 2067 1233 2105 Dolon
1255 2067 1489 2106 Caesarius.

374 2120 388 2143 ⁵
419 2121 602 2171 pulveris
628 2121 713 2159 edd.
744 2127 859 2159 vest:
904 2120 1055 2171 pueris.

373 2174 388 2197 ⁸
417 2174 614 2213 Ctesicles
638 2174 720 2212 Ian
740 2189 747 2212 :
791 2174 970 2212 ctesides
995 2174 1057 2212 B:
1102 2173 1274 2212 clesides
1298 2173 1380 2212 rell.

374 2288 391 2306 ‘¹
422 2280 469 2320 ’A
478 2282 755 2326 ποσκοπεύων,
771 2282 952 2331 shading
969 2282 1032 2320 his
1046 2294 1144 2331 eyes
1162 2281 1264 2320 with
1281 2281 1346 2319 his
1363 2280 1477 2319 hand
1498 2281 1779 2330 (Athenaeus,

306 2336 423 2379 XIV,
445 2337 526 2375 6⁰9
545 2335 575 2374 f.
585 2337 611 2382 ).
660 2335 749 2374 The
765 2339 934 2386 gesture
951 2336 985 2373 is
1001 2348 1026 2373 a
1044 2348 1240 2374 common
1257 2347 1336 2373 one
1354 2335 1395 2373 in
1412 2338 1554 2384 satyra
1571 2347 1625 2374 on
1642 2346 1778 2373 vases.

373 2389 387 2412 ὸ
417 2390 474 2427 At
497 2388 785 2434 Artemisium,
808 2390 887 2428 480
913 2400 951 2427 Β.
957 2401 993 2427 (3.

371 2443 627 2493 0Pr0babl3
648 2442 688 2481 S.
712 2442 805 2480 who
826 2455 911 2480 was
933 2442 1025 2481 wife
1047 2441 1095 2480 of
1118 2441 1314 2481 Seleucus
1344 2440 1363 2478 I
1386 2439 1576 2487 Nicator,
1600 2441 1714 2491 King
1736 2439 1784 2479 of

316 2496 471 2534 Noarer
493 2497 591 2534 Asia
612 2498 719 2535 312—
721 2497 794 2534 281
821 2507 859 2533 B.
865 2507 902 2534 C.

381 2550 623 2588 ¹He1aeles
644 2549 774 2588 save-d
798 2550 983 2588 Hesione
1002 2547 1114 2587 from
1135 2561 1160 2585 a
1182 2551 1374 2586 monster
1395 2550 1491 2586 sent
1513 2547 1570 2597 by
1591 2545 1777 2586 Posidon

310 2615 396 2674 362
