1873 3020
270 801 293 834 (ἱ

584 198 818 246 PLINY:
872 200 1199 246 NATURAL
1246 201 1538 249 HISTORY

324 337 560 391 quaestus
593 332 724 375 enim
754 346 922 385 causa,
953 337 1009 375 ut
1040 333 1223 385 omnia,
1255 334 1475 376 exerceri
1505 339 1685 394 coepta
1716 338 1789 378 est

323 423 452 467 quae
487 406 674 468 gloriae
709 406 1080 452 solebat—ideo
1115 410 1269 452 etiam
1304 407 1510 453 deorum
1544 408 1790 470 adscripta

322 487 477 545 operi,
513 500 623 529 cum
660 500 887 546 proceres
923 487 1149 545 gentium
1186 484 1469 530 claritatem
1505 492 1557 530 et
1591 484 1684 531 hac
1714 488 1791 531 via

322 567 706 621 quaererent—,
740 560 966 622 adeoque
1000 561 1216 606 exolevit
1252 559 1492 607 fundendi
1526 565 1651 608 aeris
1682 578 1792 623 pre-

323 640 433 683 tiosi
459 641 604 692 ratio,
629 644 686 683 ut
709 641 808 682 iam
833 637 917 683 diu
943 654 1005 683 ne
1030 637 1229 684 fortuna
1257 638 1459 700 quidem
1482 641 1532 684 in
1557 655 1615 684 ea
1641 655 1693 684 re
1717 642 1790 684 ius

322 717 440 759 artis
464 714 665 760 habeat.

387 791 463 836 Ex
493 791 574 836 illa
605 799 775 837 autern
806 795 1010 853 antiqua
1044 791 1200 854 gloria
1233 790 1543 838 Corinthium
1574 795 1790 838 maxime

323 868 567 913 laudatur.
636 868 726 914 hoc
743 885 883 914 casus
900 872 1097 914 miscuit
1113 868 1368 924 Corintho,
1384 886 1496 915 cum
1510 877 1790 931 caperetur,

322 948 538 1000 incensa,
600 948 823 1007 mireque
885 949 1013 991 circa
1075 945 1124 991 id
1185 946 1456 992 multorum
1516 945 1789 992 adfectatio

321 1020 513 1077 furuit,1
563 1026 746 1084 quippe
796 1040 908 1068 cum
958 1022 1191 1068 tradatur
1240 1039 1338 1068 non
1386 1022 1481 1068 alia
1530 1023 1593 1069 de
1640 1039 1789 1069 causa

320 1097 543 1155 Verrem,
578 1116 728 1161 quem
766 1099 838 1145 M.
875 1099 1046 1145 Cicero
1081 1099 1428 1155 damnaverat,
1460 1103 1788 1163 proscriptum

319 1192 430 1221 cum
467 1192 524 1222 eo
559 1177 622 1221 ab
657 1177 895 1232 Antonio,
931 1180 1165 1238 quoniam
1186 1176 1204 1204 2
1239 1175 1503 1222 Corinthiis
1537 1193 1787 1222 cessurum

319 1269 370 1298 se
395 1256 438 1298 ei
462 1257 761 1315 negavisset.
829 1270 886 1299 ac
908 1253 1028 1299 mihi
1050 1257 1207 1299 maior
1227 1270 1341 1314 pars
1366 1269 1536 1299 eorum
1557 1253 1787 1299 simulare

319 1345 431 1374 eam
458 1333 717 1376 scientiam
745 1330 942 1376 videtur
968 1330 1032 1375 ad
1058 1330 1393 1392 segregandos
1420 1347 1528 1376 sese
1555 1347 1581 1375 a
1609 1334 1787 1377 ceteris

318 1410 475 1469 magis
525 1424 675 1469 quam
723 1407 1016 1469 intellegere
1067 1407 1251 1469 aliquid
1299 1407 1366 1452 ibi
1414 1407 1669 1469 suptilius3
1735 1415 1787 1453 et

320 1483 410 1529 hoc
439 1488 608 1546 paucis
639 1485 843 1530 docebo.
912 1484 1176 1529 Corinthus
1206 1491 1355 1546 capta
1388 1491 1465 1530 est
1493 1484 1785 1547 olympiadis

316 1576 462 1606 CLVIII
504 1578 633 1607 anno
674 1565 842 1617 tertio,
885 1569 1084 1607 nostrae
1127 1561 1259 1606 urbis
1302 1576 1474 1616 Dcvm,
1513 1577 1627 1606 cum
1667 1569 1785 1608 ante

315 1637 439 1684 haec
462 1638 661 1684 saecula
680 1638 699 1667 3
724 1639 918 1685 fictores
945 1638 1132 1684 nobiles
1159 1655 1265 1684 esse
1290 1638 1552 1693 desissent,
1577 1654 1784 1700 quorum

316 1718 396 1761 isti
440 1719 605 1761 omnia
650 1719 791 1778 signa
836 1716 982 1762 hodie
1028 1715 1284 1761 Corinthia
1327 1715 1599 1777 appellant.
1666 1732 1785 1777 qua-

314 1800 519 1855 propter
577 1793 640 1839 ad
698 1793 1039 1856 coarguendos
1100 1809 1182 1839 eos
1241 1809 1481 1855 ponemus
1540 1792 1783 1838 artificum

314 1877 538 1924 aetates;
595 1887 712 1916 nam
753 1871 886 1916 urbis
927 1877 1128 1916 nostrae
1167 1886 1320 1915 annos
1361 1885 1424 1915 ex
1462 1885 1611 1932 supra
1648 1869 1783 1916 dicta

312 1951 684 2009 comparatione
752 1947 1092 2010 olympiadum
1159 1946 1391 2009 colligere
1456 1945 1602 1992 facile
1670 1950 1779 1993 erit.

381 2055 394 2078 1
426 2055 558 2095 furuit
599 2057 903 2107 Il‘ar‘mz'mfion:
944 2055 1048 2094 furit
1078 2055 1214 2105 Silliy,
1247 2055 1357 2094 Ian:
1398 2054 1526 2093 fuerit
1557 2054 1642 2094 cdd.
1679 2055 1781 2105 (fuit

321 2108 391 2186 ed}
406 2110 771 2213 {liuponfigiiilbanz
823 2175 952 2213 quam
990 2162 1193 2212 quoniam
1228 2162 1334 2201 coni.
1372 2161 1522 2212 Silliqz
1574 2166 1676 2212 qfim
1711 2161 1774 2201 B:

323 2228 450 2266 quam
480 2217 562 2255 rell.
594 2220 742 2267 (quam
771 2216 885 2266 quod
913 2215 972 2254 cd.
1003 2217 1100 2254 Par.
1131 2217 1270 2264 6801).

373 2270 389 2292 ³
419 2270 586 2309 saeculo
609 2270 717 2320 quid.
739 2283 808 2319 ap.
831 2270 1069 2318 Dazecamp.

369 2382 386 2399 ‘²
415 2376 489 2415 Le.
513 2376 783 2428 Hephaestus
804 2390 850 2415 or
871 2376 1047 2415 Vulcan.

370 2431 385 2454 ⁰
415 2430 473 2470 Or
494 2435 504 2451 ⁴
522 2430 598 2468 has
619 2443 713 2470 won
734 2431 874 2481 praise
893 2429 1105 2480 normally
1125 2429 1207 2468 due
1227 2432 1273 2468 to
1293 2429 1390 2468 art!

365 2489 379 2507 ⁶
407 2484 583 2523 Corinth
628 2497 713 2522 was
756 2483 985 2535 destroyed
1032 2484 1088 2535 by
1134 2483 1207 2522 the
1251 2482 1421 2521 Roman
1467 2482 1600 2521 forces
1644 2481 1778 2524 under

312 2537 540 2576 Mummius
574 2539 645 2577 146
675 2549 755 2577 13.C.

316 2629 400 2673 130
