1873 3020
549 198 784 246 PLINY:
839 199 1165 245 NATURAL
1212 198 1544 246 HIS'I'ORY'

295 331 438 381 aeris,
477 327 666 373 Deliaci
704 334 873 373 autem
914 327 1139 388 Iuppiter
1175 330 1223 372 in
1261 326 1509 388 Capitolio
1546 330 1594 372 in
1633 326 1759 372 Iovis

295 424 532 469 Tonantis
561 425 701 470 aede.
769 424 850 469 illo
879 440 993 469 aere
1026 424 1207 486 Myron
1236 440 1349 469 usus
1379 430 1472 478 est,
1499 423 1591 469 hoc
1619 422 1761 486 Poly-

294 521 469 575 cletus,
502 521 735 583 aequales
769 528 921 583 atque
955 521 1300 583 condiscipuli3
1351 524 1418 566 sic
1442 522 1459 550 1
1493 520 1760 566 aemulatio

297 625 348 663 et
367 622 416 663 in
436 622 644 664 materia
665 617 775 664 fuit.

359 715 443 761 VI.
482 715 716 761 Privatim
761 717 955 778 Aegina
999 715 1410 761 candelabrorum
1451 714 1759 777 superficiem

221 820 258 855 ll
296 812 563 858 dumtaxat
595 812 886 868 elaboravit,
916 817 1042 858 sicut
1071 813 1343 858 Tarentum
1373 828 1560 874 scapos.
1626 815 1676 857 in
1703 815 1759 856 iis

297 926 413 971 ergo
480 914 645 956 iuncta
712 910 1079 956 commendatio
1144 910 1447 956 officinarum
1513 916 1603 955 est.
1670 925 1760 954 nec

296 1007 452 1068 pudet
497 1008 806 1053 tribunorum
854 1008 1142 1053 militarium
1187 1007 1375 1052 salariis
1421 1022 1605 1059 emere,
1648 1022 1760 1052 cum

296 1107 455 1165 ipsum
521 1122 701 1150 nomen
767 1122 795 1150 a
859 1105 1182 1151 candelarum
1246 1104 1431 1150 lumine
1493 1107 1760 1166 inpositum

294 1210 552 1262 appareat..
637 1206 850 1248 accessio
902 1202 1185 1248 candelabri
1236 1202 1349 1247 talis
1397 1200 1493 1247 fuit
1548 1200 1760 1247 Theonis

297 1302 426 1344 iussu
463 1304 717 1361 praeconis
754 1299 1011 1361 Clesippus
1047 1298 1166 1345 fullo
1201 1299 1377 1362 gibber
1411 1306 1464 1344 et
1497 1305 1759 1360 praeterea

296 1403 347 1441 et
389 1396 483 1442 alio
526 1396 700 1442 foedus
743 1406 967 1459 aspectu,
1011 1404 1210 1442 emente
1253 1396 1303 1442 id
1347 1396 1574 1458 Gegania
1616 1411 1675 1441 HS
1718 1407 1758 1445 ἰ.

295 1493 471 1539 eadem
508 1502 797 1540 ostentante
834 1499 882 1539 in
919 1498 1138 1540 convivio
1175 1501 1345 1555 empta
1384 1493 1578 1539 ludibrii
1612 1509 1759 1539 causa

1086 1591 1104 1610 9

218 1597 263 1633 12
294 1590 511 1636 nudatus
566 1599 718 1653 atque
772 1592 1104 1653 inpudentia-
1160 1591 1370 1637 libidinis
1426 1597 1658 1652 receptus
1712 1593 1760 1636 in

294 1694 474 1743 torum,
519 1706 635 1734 mox
679 1692 729 1734 in
772 1696 1154 1742 testamentum,
1199 1688 1458 1750 praedives
1503 1691 1760 1733 numinum

294 1787 398 1830 vice
448 1785 567 1831 illud
615 1786 970 1832 candelabrum
1020 1786 1171 1831 coluit
1221 1792 1272 1831 et
1322 1785 1448 1831 hanc
1497 1784 1759 1831 Corinthiis

294 1880 512 1928 fabulam
565 1883 763 1938 adiecit,
813 1883 1072 1929 vindicatis
1123 1890 1293 1928 tamen
1345 1882 1560 1928 moribus
1610 1881 1759 1928 nobili

294 1979 568 2040 sepulchro,
601 1997 690 2042 per
723 1981 854 2043 quod
887 1989 1093 2026 aeterna
1127 1996 1274 2042 supra
1309 1987 1468 2025 terras
1503 1979 1759 2042 Geganiae

294 2075 547 2122 dedecoris
596 2081 835 2124 memoria
884 2078 1103 2123 duraret.
1172 2077 1260 2122 sed
1308 2094 1420 2123 cum
1470 2093 1577 2122 esse
1625 2075 1756 2122 nulla

700 2197 713 2219 ¹
744 2197 801 2235 sic
828 2196 1044 2246 Mayhoff:
1088 2196 1143 2234 sit
1167 2196 1251 2235 131:
1295 2196 1381 2234 sed.

695 2251 709 2274 ²
738 2250 992 2301 impotentia
1015 2250 1148 2288 Gelen.

352 2363 369 2381 ⁰
400 2357 517 2395 Built
536 2358 578 2395 in
597 2358 647 2395 22
670 2369 750 2395 ΒΕ.

355 2411 370 2435 ¹²
398 2411 549 2461 Myron
568 2411 608 2448 fl.
629 2423 660 2448 c.
682 2412 759 2449 475
782 2422 876 2455 B.C.‚
899 2409 1130 2460 Polyclitus
1148 2422 1179 2448 c.
1200 2411 1293 2449 435.
1352 2410 1430 2449 See
1451 2423 1520 2460 pp.
1547 2409 1739 2447 163-171.

353 2471 367 2489 ⁶
396 2465 468 2502 Le.
488 2465 561 2503 the
581 2464 747 2502 sockets
770 2463 941 2514 holding
963 2464 1035 2502 the
1057 2463 1239 2509 candles,
1257 2463 1330 2502 the
1351 2462 1474 2502 other
1494 2466 1613 2513 parts
1635 2462 1758 2511 being

299 2519 370 2557 the
391 2523 521 2556 stems
542 2518 626 2556 and
648 2518 721 2556 the
745 2519 842 2556 feet.

301 2610 383 2654 134
