1899 3015
221 397 295 434 124

225 959 297 996 195

230 1681 304 1720 126

583 179 824 225 PLINY:
883 178 1208 224 NATURAL
1253 175 1545 223 HISTORY

328 309 641 369 multumque
685 310 1055 368 comparatione
1097 312 1360 367 superatus
1403 305 1798 359 existimabatur,

328 391 560 450 quoniam
601 404 698 432 non
736 403 824 432 suo
861 402 1046 448 genere
1085 392 1341 431 certasset.
1410 385 1543 430 idem
1582 391 1634 430 et
1671 385 1799 430 lacu-

330 472 463 515 naria
487 471 673 530 primus
697 470 903 529 pingere
927 469 1163 519 instituit,
1186 481 1277 510 nec
1301 481 1520 510 camaras
1545 472 1662 510 ante
1686 481 1799 510 eum

330 550 497 595 taliter
532 549 756 594 adornari
793 564 897 592 mos
933 546 1055 599 fuit3
1107 562 1282 607 parvas
1316 546 1558 607 pingebat
1592 544 1800 590 tabellas

330 632 646 690 maximeque
703 644 896 689 pueros.
966 626 1057 672 hoc
1105 625 1285 671 aemuli
1342 625 1803 687 interpretabantur

334 710 493 755 facere
529 726 660 762 eum,
694 710 926 770 quoniam
961 706 1106 752 tarda
1138 709 1361 767 picturae
1394 708 1520 751 ratio
1555 712 1687 751 esset
1718 705 1799 751 illi.

331 807 480 852 quam
515 790 577 835 ob
612 806 716 834 rem
751 788 958 833 daturus
994 790 1037 831 ei
1072 786 1341 831 celeritatis
1376 784 1558 830 famam
1595 785 1803 831 absolvit

332 888 428 916 uno
458 870 537 915 die
567 869 805 915 tabellam
836 884 963 929 quae
994 874 1169 912 vocata
1199 873 1275 911 est
1303 865 1621 919 hemeresios‚
1650 881 1803 927 puero

331 955 477 1013 picto.
549 952 731 994 amavit
752 951 800 993 in
821 951 1023 993 iuventa
1044 947 1308 1009 Glyceram
1327 948 1627 1007 municipem
1647 962 1803 1000 suam,

333 1035 655 1076 inventricem
686 1045 993 1081 coronarum,
1023 1027 1362 1088 certandoque
1392 1029 1670 1072 imitatione
1701 1029 1804 1072 eius

334 1112 396 1157 ad
459 1113 908 1156 numerosissimam
974 1107 1148 1153 florum
1212 1110 1508 1152 varietatem
1572 1105 1805 1168 perduxit

334 1199 493 1237 artem
528 1191 676 1236 illam.
746 1196 997 1251 postremo
1033 1191 1193 1250 pinxit
1229 1186 1317 1233 et1
1353 1190 1509 1248 ipsam
1545 1187 1804 1232 sedentem

334 1289 444 1318 cum
471 1288 666 1325 corona,
693 1286 822 1332 quae
849 1286 875 1315 e
901 1269 1212 1315 nobilissimis
1240 1267 1411 1313 tabula
1437 1274 1530 1319 est,
1557 1267 1804 1328 appellata

336 1351 763 1414 stephanoploco.3‚
829 1351 890 1395 ab
955 1349 1058 1394 aliis
1122 1347 1509 1409 stephanopolis,
1573 1350 1805 1408 quoniam

337 1433 549 1495 Glycera
592 1430 895 1477 venditando
939 1445 1141 1475 coronas
1185 1434 1555 1473 sustentaverat
1598 1443 1807 1489 pauper-

338 1520 510 1559 tatem.
580 1512 723 1557 huius
762 1510 964 1556 tabulae
1005 1509 1276 1570 exemplar,
1316 1508 1448 1570 quod
1488 1506 1806 1569 apographon

337 1600 530 1646 vocant,
581 1593 635 1638 L.
688 1591 920 1637 Lucullus
969 1591 1161 1636 duobus
1210 1589 1411 1635 talentis
1461 1591 1597 1633 emit.
1651 1624 1659 1633 .
1713 1624 1722 1632 .
1775 1587 1807 1633 ‚2

338 1674 604 1736 Dionysius
624 1672 644 1700 3
666 1671 893 1718 Athenis,
964 1669 1165 1716 Pausias
1189 1676 1357 1714 autem
1381 1668 1500 1713 fecit
1523 1675 1574 1713 et
1595 1667 1807 1730 grandes

338 1754 551 1807 tabulas,
594 1756 720 1798 sicut
763 1759 1041 1814 spectatam
1085 1754 1133 1795 in
1177 1748 1381 1811 Pompei
1424 1751 1616 1810 porticu
1658 1748 1806 1793 boum

339 1834 743 1880 immolationem.
814 1849 923 1878 eam
952 1834 1137 1893 primus
1162 1832 1351 1875 invenit
1377 1832 1638 1890 picturam,
1659 1845 1805 1889 quam

339 1922 513 1976 postea
565 1916 743 1958 imitati
797 1919 913 1958 sunt
963 1911 1124 1964 multi,
1177 1912 1410 1971 aequavit
1461 1924 1621 1954 nemo.
1691 1915 1808 1953 ante

339 1998 520 2047 omnia,
583 2010 694 2039 cum
759 1992 1121 2054 longitudinem
1185 1991 1321 2036 bovis
1384 1988 1578 2035 ostendi
1642 1988 1808 2040 vellet,

339 2075 599 2121 adversum
648 2090 761 2119 eum
807 2075 986 2134 pinxit,
1033 2087 1129 2117 non
1175 2077 1468 2123 traversum,
1515 2076 1567 2114 et
1612 2068 1808 2114 abunde

592 2201 602 2224 ¹
634 2205 677 2239 et
698 2201 761 2238 B:
801 2214 879 2238 om.
903 2199 985 2238 rell.
1213 2197 1228 2220 ²
1257 2197 1330 2235 lac.
1356 2196 1406 2235 M
1411 2195 1560 2246 ayhoff.

589 2255 604 2278 ³
634 2254 850 2304 Dionysiis
870 2253 1121 2291 Pintianus:
1155 2264 1180 2290 a
1200 2251 1408 2301 Dionysio
1426 2247 1513 2289 edd.
1534 2254 1623 2288 vett.

400 2439 416 2455 ‘¹
445 2431 579 2470 There
603 2431 637 2469 is
661 2443 716 2468 no
740 2429 867 2481 proof
877 2428 973 2467 that
994 2428 1255 2479 perspective
1276 2427 1308 2465 is
1330 2430 1487 2470 meant,
1503 2425 1580 2463 but
1598 2424 1809 2463 somehow

349 2487 519 2524 Pausias
538 2497 645 2535 gave
665 2483 737 2522 the
757 2483 886 2533 figure
907 2482 988 2520 due
1008 2481 1135 2520 relies.

352 2578 435 2620 352
