1873 3020
225 350 274 386 (33

225 790 275 827 64

223 1232 273 1268 65

224 1745 274 1780 (36

555 210 788 260 PLINY:
843 208 1168 260 NATURAL
1213 209 1506 260 HISTORY

307 346 496 388 texitur
525 342 668 387 lanae
699 342 846 387 modo
875 342 952 387 vel
982 345 1086 387 sine
1116 341 1244 388 lana.
1312 345 1479 388 tunica
1509 358 1659 388 aurea
1686 346 1771 389 tri-

308 415 572 477 umphasse
608 415 929 477 Tarquinium
967 414 1185 461 Priscum
1224 415 1422 460 Verrius
1458 415 1633 470 docet;
1685 432 1772 462 nos

308 490 514 534 vidimus
569 490 897 551 Agrippinam
950 488 1125 534 Claudi
1178 492 1426 550 principiS,
1479 488 1662 535 edente
1714 506 1772 535 eo

308 562 491 607 navalis
523 562 694 623 proelii
727 562 1084 623 spectaculum,
1117 562 1430 607 adsidentem
1464 568 1516 607 et
1545 561 1772 608 indutam

306 636 664 697 paludamento
696 652 845 681 aureo
876 635 1041 680 textili
1072 638 1176 681 sine
1208 635 1303 680 alia
1334 638 1560 680 materia.
1626 636 1774 681 Atta-

304 708 405 754 licis
429 725 544 754 vero
565 712 663 753 iam
688 708 878 770 pridem
901 711 1161 763 intexitur,
1184 712 1387 754 invento
1407 724 1583 770 regum
1606 708 1771 755 Asiae.

372 781 480 827 XX.
522 781 760 826 Marmori
797 790 848 827 et
880 785 953 836 iis,
979 798 1107 844 quae
1139 781 1407 827 candefieri
1430 798 1528 827 non
1550 788 1773 843 possunt,

305 859 379 901 ovi
403 855 615 900 candido
639 855 877 910 inlinitur,
903 855 1035 916 ligno
1058 855 1237 917 glutini
1262 858 1454 900 ratione
1479 855 1773 913 conposita,¹

307 928 657 990 leucophorum
693 935 886 973 vocant.
956 928 1074 989 quid
1107 931 1170 974 sit
1204 928 1295 973 hoc
1328 935 1417 973 aut
1450 928 1773 990 quemadmo-

304 1002 423 1048 dum
454 1002 558 1056 fiat,
587 1019 674 1047 suo
704 1001 808 1047 loco
838 1002 1140 1047 docebimus.
1209 1018 1292 1047 aes
1322 1004 1538 1046 inaurari
1565 1008 1775 1064 argento

305 1079 413 1121 vivo
430 1082 518 1120 aut
534 1082 670 1120 certe
687 1074 997 1137 hydrargyro
1014 1074 1294 1136 legitimum
1315 1081 1442 1129 erat,
1458 1074 1521 1120 de
1538 1077 1664 1137 quis,
1680 1081 1736 1120 ut
1755 1074 1774 1103 ²

304 1149 524 1195 dicemus
549 1148 741 1193 illorum
767 1155 998 1193 naturam
1022 1148 1309 1202 reddenteS,
1335 1151 1622 1210 excogitata
1641 1147 1774 1193 fraus

307 1229 397 1268 est.
466 1238 683 1284 namque
714 1238 796 1267 aes
826 1225 1073 1267 cruciatur
1101 1225 1150 1266 in
1179 1224 1346 1282 primis
1365 1221 1384 1250 3
1413 1237 1775 1283 accensumque

305 1299 631 1357 restinguitur
650 1295 768 1349 sale,
790 1302 950 1349 aceto,
971 1295 1206 1349 alumine,
1226 1301 1400 1356 postea
1423 1295 1776 1349 examinatur,4

304 1386 367 1414 an
419 1373 538 1414 satis
592 1376 843 1414 recoctum
896 1372 977 1422 sit,
1030 1368 1292 1430 splendore
1345 1367 1774 1429 deprehendente,

303 1446 587 1504 iterumque
613 1442 877 1488 exhalatur
898 1442 916 1471 5
938 1445 1058 1504 igni,
1082 1448 1137 1487 ut
1160 1445 1332 1503 possit,
1356 1441 1631 1487 edomitum
1652 1445 1774 1486 mix·

305 1519 367 1561 tis
384 1519 579 1577 pumice
599 1523 649 1561 et
667 1516 684 1543 ⁶
705 1515 939 1569 alumine,
957 1522 1167 1577 argento
1183 1518 1291 1560 vivo
1308 1514 1536 1560 inductas
1552 1517 1774 1576 accipere

301 1590 541 1635 bratteas.
611 1589 810 1634 alumen
835 1596 886 1634 et
911 1591 960 1633 in
987 1588 1247 1651 purgando
1272 1591 1370 1633 vim
1396 1587 1553 1633 habet
1577 1587 1773 1650 qualem

305 1679 412 1708 esse
436 1663 650 1708 diximus
673 1662 893 1724 plumbo.

369 1736 507 1781 XXI.
546 1737 739 1781 Aurum
773 1739 1024 1781 invenitur
1057 1739 1107 1780 in
1140 1742 1309 1780 nostro
1333 1734 1471 1789 orbe,
1496 1741 1553 1780 ut
1575 1737 1775 1780 omitta-

305 1826 412 1854 mus
457 1809 681 1854 Indicum
725 1826 753 1854 a
795 1808 1008 1854 formicis
1053 1815 1140 1853 aut
1183 1807 1316 1869 apud
1359 1806 1569 1870 Scythas
1606 1810 1774 1870 grypis

373 1908 383 1930 ¹
416 1908 653 1957 composito
679 1907 735 1945 vel
757 1920 799 1944 re
822 1906 1057 1956 composita
1081 1907 1184 1945 coni.
1212 1905 1412 1955 ilIayhoff.

370 1961 384 1984 ²
417 1966 463 1998 ut
488 1961 547 1999 cd.
575 1961 672 1999 Par.
701 1962 801 1999 6801
826 1976 833 1998 ε
877 1974 954 1998 om.
982 1960 1066 1997 rell.

368 2015 383 2037 ³
414 2015 559 2064 primis
575 2014 661 2052 cdd.
681 2030 689 2053 :
724 2014 870 2064 prunis
885 2014 990 2051 coni.
1009 2013 1174 2059 D’Arcy
1193 2012 1441 2061 Thompson.

368 2068 383 2090 ⁴²
413 2068 683 2105 examinatur
707 2067 761 2105 K.
788 2068 833 2105 C.
860 2067 1032 2114 Baileys:
1075 2066 1371 2103 exharenatur.

372 2121 385 2142 ⁵
416 2121 641 2159 exhalatur
678 2120 787 2159 edm:
829 2120 1115 2158 exharenatur
1148 2118 1381 2170 Detlefsen:
1425 2118 1637 2157 excitatur
1669 2118 1773 2157 coni.

318 2174 516 2225 Muyhoff.

371 2229 386 2251 ⁰
416 2232 459 2266 et
487 2227 578 2266 add.
610 2227 665 2266 K.
696 2226 742 2265 C.
773 2227 930 2275 Baz'ley.

458 2370 475 2387 ‘³
505 2364 719 2413 Probably
741 2364 914 2402 Attalus
935 2363 955 2401 Ι
976 2362 1023 2401 of
1039 2362 1306 2413 Pergamum,
1329 2363 1516 2400 241-197
1540 2372 1623 2400 B.C.

461 2417 476 2441 ὸ
506 2418 710 2467 Litcrally
737 2420 745 2432 ‘
767 2416 867 2454 fluid
892 2416 1045 2454 silver.'

458 2477 471 2494 ⁶
499 2473 574 2509 ‚Sec
598 2470 783 2509 XXXV.
810 2471 884 2508 183
906 2469 949 2507 ff.

457 2523 475 2547 ‘¹
503 2524 577 2563 Le.
600 2523 714 2562 alum
736 2523 905 2573 purifies
926 2535 1080 2573 copper
1101 2534 1146 2560 as
1167 2520 1259 2559 lead
1281 2520 1449 2571 purifies
1468 2519 1580 2571 gold.

308 2614 363 2660 50
