1873 3020
200 708 251 747 20

202 1482 247 1519 21

539 183 744 230 PLINY
764 201 773 229 :
828 183 1155 230 NATURAL
1200 183 1495 230 HISTORY

280 319 455 375 postea
503 328 619 357 vero
667 318 720 357 et
766 314 849 373 qui
894 311 1022 373 bigis
1068 310 1147 356 vel
1193 311 1444 373 quadrigis
1492 313 1749 365 vicissent3

281 410 412 455 unde
438 416 490 455 et
513 412 668 455 nostri
691 425 860 454 currus
885 411 990 454 nati
1015 411 1065 453 in
1089 411 1163 463 iis,
1188 411 1271 470 qui
1293 407 1748 470 triumphavissent.

281 523 446 553 serum
472 506 581 561 hoc,
609 513 661 551 et
687 509 737 551 in
762 508 819 551 iis
847 522 944 551 non
971 508 1062 551 nisi
1089 522 1117 550 a
1143 505 1255 551 divo
1282 505 1511 567 Augusto
1537 508 1750 567 seiuges,

281 607 407 650 sicut
427 603 444 632 1
469 602 739 664 elephanti.

343 700 433 746 XI.
473 700 583 745 Non
616 707 759 745 vetus
795 706 847 745 et
889 700 1118 761 bigarum
1158 699 1428 745 celebratio
1469 703 1519 744 in
1558 702 1634 754 iis,
1667 702 1751 762 qui

282 804 520 859 praetura
575 796 732 842 functi
789 813 934 842 curru
990 799 1119 842 vecti
1177 803 1344 842 essent
1398 812 1488 858 per
1541 799 1751 851 circum3

281 897 531 957 antiquior
547 894 906 948 columnarum,
923 897 1067 939 sicuti
1085 893 1138 939 C.
1161 894 1382 949 Maenio,
1400 896 1483 956 qui
1500 893 1752 940 devicerat

282 994 462 1053 priscos
503 991 726 1045 Latinos,
765 991 942 1053 quibus
981 1007 1043 1036 ex
1081 990 1283 1036 foedere
1321 994 1497 1037 tertias
1535 991 1751 1052 praedae

283 1087 492 1150 populus
513 1088 764 1134 Romanus
785 1089 1098 1150 praestabat,
1119 1088 1397 1151 eodemque
1422 1091 1473 1134 in
1491 1087 1750 1135 consulatu

281 1188 329 1231 in
366 1192 606 1247 suggestu
642 1192 802 1231 rostra
839 1185 1045 1231 devictis
1083 1186 1372 1231 Antiatibus
1409 1185 1587 1232 fixerat
1623 1202 1752 1231 anno

282 1282 414 1327 urbis
451 1298 660 1336 ccccxvl,
695 1286 818 1328 item
854 1282 907 1328 C.
947 1282 1149 1338 Duillio,
1186 1286 1268 1345 qui
1304 1286 1488 1345 primus
1525 1282 1750 1328 navalem

281 1379 589 1441 triumphum
622 1383 727 1442 egit
758 1380 821 1425 de
855 1379 1049 1435 Poenis,
1083 1396 1211 1442 quae
1245 1387 1322 1426 est
1355 1383 1508 1426 etiam
1541 1397 1670 1426 nunc
1701 1383 1750 1425 in
1794 1412 1799 1415 -

282 1474 405 1530 foro,
456 1480 578 1522 item
633 1476 688 1523 L.
746 1476 967 1523 Minucio
1019 1476 1277 1539 praefecto
1329 1493 1555 1524 annonae
1609 1484 1751 1523 extra

282 1580 477 1633 portam
518 1574 854 1636 Trigeminam
896 1577 1113 1621 unciaria
1155 1578 1283 1636 stipe
1325 1574 1752 1621 conlata—nescio

282 1687 345 1715 an
373 1674 531 1732 primo
561 1670 745 1717 honore
774 1671 864 1717 tali
893 1688 919 1717 a
949 1671 1148 1733 populo,
1176 1679 1327 1718 antea
1357 1675 1488 1718 enim
1517 1689 1545 1718 a
1572 1679 1750 1718 senatu

283 1769 731 1829 erat,—praeclara
789 1785 883 1824 res,
941 1772 989 1814 ni
1045 1768 1226 1815 frivolis
1283 1773 1528 1831 coepisset
1582 1772 1748 1816 initiis.

283 1880 497 1927 namque
528 1873 580 1911 et
608 1866 719 1912 Atti
749 1866 874 1911 Navi
902 1874 1073 1912 statua
1101 1866 1195 1912 fuit
1223 1874 1341 1912 ante
1370 1867 1751 1913 curiam—basis

285 1964 386 2007 cius
425 1962 751 2025 conflagravit
789 1967 923 2009 curia
961 1967 1160 2010 incensa
1199 1963 1252 2010 P.
1293 1964 1450 2011 Clodii
1487 1964 1752 2018 funere—3

529 2102 543 2125 1
573 2102 683 2141 sicut
707 2107 750 2141 et
774 2102 859 2142 edd.
889 2109 1004 2142 vem:
1048 2108 1124 2142 aut
1149 2104 1331 2154 Εαῃέηίε
1355 2104 1514 2143 Sellers.

342 2240 359 2258 ⁰
386 2235 468 2273 For
490 2249 691 2286 purposes
713 2236 846 2275 which
870 2250 976 2275 were
998 2242 1074 2276 not
1095 2238 1301 2288 religious.
1361 2238 1443 2276 For
1464 2251 1489 2276 a
1510 2238 1750 2278 dedication

285 2289 333 2328 of
353 2302 378 2327 a
404 2289 639 2327 six-horsed
667 2290 830 2328 chariot
857 2291 899 2328 in
923 2292 997 2330 189
1020 2302 1115 2336 Β.(’.,
1138 2292 1190 2330 cf.
1211 2292 1332 2342 Livy,
1352 2292 1609 2331 XXXVIII.
1628 2294 1693 2339 35,
1710 2294 1748 2331 4.

346 2343 360 2367 ⁶
390 2342 472 2381 For
492 2342 565 2381 the
586 2344 803 2394 surviving
825 2345 1071 2395 inscription
1093 2344 1141 2383 of
1157 2345 1230 2384 the
1253 2345 1454 2384 Columna
1475 2346 1664 2385 Rostrata
1684 2359 1751 2385 see

287 2396 487 2435 Remains
507 2396 551 2446 of
567 2396 642 2435 Old
660 2397 798 2443 Latin,
820 2397 894 2443 IV,
916 2411 986 2449 pp.
1012 2400 1208 2437 128-131.

342 2455 356 2474 ⁰
386 2450 570 2488 Famous
609 2463 742 2501 augur
781 2451 913 2489 under
953 2452 1066 2503 King
1106 2452 1359 2503 Tarquinius
1399 2452 1563 2491 Priscus
1603 2451 1748 2502 (tradi-

287 2503 421 2541 tional
440 2503 561 2541 dates
582 2504 768 2544 616-579
790 2506 904 2554 B.c.).

288 2593 368 2641 142
