1873 3020
523 224 757 271 PLINY:
812 224 1138 271 NATURAL
1185 220 1478 271 HISTORY

266 370 380 399 vero
420 370 582 416 neque
623 354 685 399 ab
728 370 786 399 ea
827 361 990 415 parte,
1031 371 1126 415 qua
1169 354 1326 415 dig-ito
1366 353 1733 408 occultantur,l

266 444 384 473 auro
415 427 559 473 clusit
591 443 866 489 aurumque
899 427 1042 472 millis
1067 428 1086 456 2
1116 427 1395 488 lapillorum
1427 427 1566 473 vilius
1596 426 1731 473 fecit.

265 508 435 546 (eontra
463 517 577 546 vero
604 501 746 546 multi
776 500 932 546 nullas
960 500 1237 546 admittunt
1263 517 1486 562 gemmas
1513 516 1732 562 auroque

267 578 369 635 ipso
402 577 617 635 signant.
685 574 735 620 id
769 574 961 619 Claudii
997 574 1221 619 Caesaris
1256 577 1535 635 principatu
1569 589 1734 635 reper-

268 656 387 693 tum.
456 664 547 693 nec
571 665 667 693 non
692 655 743 693 et
766 650 967 693 servitia
989 650 1088 692 iam
1114 646 1299 692 ferrum
1324 664 1442 692 auro
1464 650 1735 709 cingunt—-

266 720 359 765 alia
393 737 482 782 per
514 737 622 766 sese
656 737 793 766 mero
827 738 946 766 auro
981 720 1300 775 decorant—,
1333 723 1469 766 cuius
1502 720 1733 766 licentiae

266 798 402 856 origo
457 797 653 839 nomine
709 798 813 855 ipso
867 797 914 838 in
970 793 1291 839 Samothrace
1345 793 1395 839 id
1446 797 1733 839 institutum

264 868 500 913 declarat.

329 940 542 1003 Singulis
582 945 739 1002 primo
778 942 945 1003 digitis
984 945 1088 1003 geri
1130 958 1234 986 mos
1274 940 1457 996 fuerat,
1496 943 1580 1003 qui
1617 946 1734 986 sunt

268 1018 477 1059 minimis
501 1018 725 1076 proximi.
787 1018 853 1060 sic
876 1018 925 1059 in
950 1015 1144 1060 Numae
1165 1022 1217 1060 et
1236 1013 1373 1059 Servi
1391 1014 1536 1059 Tullii
1553 1016 1732 1059 statuis

268 1088 502 1133 videmus.
572 1095 745 1149 postea
772 1088 931 1149 pollici
959 1091 1184 1149 proximo
1215 1087 1438 1142 induere,
1464 1090 1618 1133 etiam
1645 1089 1696 1132 in
1714 1085 1734 1114 3

266 1162 470 1206 deorum
527 1161 816 1216 simulacris,
873 1161 988 1207 dein
1047 1165 1170 1206 iuvit
1228 1168 1279 1206 et
1336 1164 1540 1207 minimo
1595 1159 1730 1206 dare.

267 1234 458 1280 Galliae
505 1235 919 1298 Brittanniaeque
967 1235 1131 1281 medio
1177 1235 1409 1280 dicuntur
1456 1250 1589 1279 usae.
1656 1233 1733 1280 hic

268 1325 394 1354 nunc
423 1308 552 1354 solus
584 1312 846 1370 excipitur,
875 1312 1029 1354 ceteri
1061 1324 1231 1353 omnes
1263 1315 1550 1362 onerantur,
1580 1314 1732 1369 atque

267 1385 419 1427 etiam
466 1385 696 1444 privatim
744 1382 934 1428 articuli
984 1382 1252 1427 minoribus
1300 1381 1420 1427 aliis.
1488 1387 1605 1427 sunt
1650 1383 1732 1442 qui

267 1459 347 1500 uni
396 1463 594 1501 tantum
641 1459 844 1501 minimo
892 1463 1183 1517 congerant,
1231 1455 1310 1500 alii
1360 1471 1474 1500 vero
1523 1462 1575 1500 et
1623 1453 1733 1499 huic

267 1536 463 1575 tantum
515 1546 685 1584 unum,
738 1546 835 1591 quo
886 1533 1171 1591 signantem
1222 1532 1437 1591 signent.
1505 1527 1732 1574 conditus

265 1602 363 1657 ille,
408 1610 463 1648 ut
507 1619 583 1648 res
627 1619 737 1648 rara
783 1610 835 1648 et
879 1606 1053 1647 iniuria
1101 1619 1214 1647 usus
1259 1602 1480 1664 indigna,
1525 1601 1661 1647 velut
1705 1616 1732 1646 e

264 1679 475 1721 sacrario
520 1679 780 1738 promitur,
829 1683 882 1722 ut
931 1683 983 1721 et
1031 1693 1182 1720 unum
1230 1679 1278 1720 in
1327 1678 1529 1720 minimo
1575 1674 1733 1737 digito

265 1748 495 1795 habuisse
525 1753 826 1811 pretiosioris
856 1753 905 1794 in
937 1749 1191 1794 recondito
1221 1747 1539 1810 supellectilis
1568 1754 1733 1800 ostene

265 1826 391 1868 tatio
425 1826 503 1868 sit.
572 1826 668 1867 iarn
706 1822 783 1867 alii
823 1823 1042 1884 pondera
1080 1839 1250 1867 eorum
1285 1827 1560 1867 ostentant.
1627 1820 1732 1867 aliis

267 1895 427 1954 plures
466 1912 614 1958 quam
655 1913 806 1941 unum
844 1903 1045 1958 gestare
1083 1895 1221 1940 labor
1259 1902 1351 1947 est,
1390 1894 1468 1939 alii
1507 1894 1732 1940 bratteas

335 2029 345 2049 ¹
388 2028 457 2065 l'.l.
483 2040 590 2076 quae
611 2027 745 2078 digito
766 2027 1016 2066 occultatur.

317 2080 629 2172 12·mil·lliislnl1{m²
670 2081 787 2119 micis
809 2083 992 2120 Gronov:
1035 2080 1189 2119 vilibus
1218 2081 1324 2120 coni.
1352 2079 1536 2119 Urlichs:
1578 2078 1726 2117 millib.

277 2133 530 2225 32'11lncluld.
561 2165 761 2237 Mayhoff.

322 2333 339 2350 ‘²
370 2327 427 2367 Or
462 2328 647 2379 possibly
690 2327 698 2340 ‘
712 2329 809 2366 that.
845 2329 1114 2379 finger—rings
1151 2328 1377 2366 contained
1413 2340 1439 2365 a
1471 2328 1633 2366 motivo
1665 2326 1732 2365 for

269 2381 428 2431 sealing
451 2380 734 2424 documents‚'
763 2382 842 2426 i.e.,
864 2382 959 2420 that
982 2382 1129 2432 people
1153 2395 1258 2419 were
1280 2381 1409 2431 ready
1430 2386 1477 2419 to
1497 2380 1583 2419 scal
1603 2379 1730 2418 deeds

270 2437 307 2473 in
330 2435 449 2472 order
471 2443 516 2472 to
537 2434 651 2473 show
673 2436 734 2473 off
752 2435 823 2473 the
844 2435 1054 2485 engraved
1076 2440 1231 2472 stones.

325 2488 339 2511 ὓ
368 2489 512 2526 Slaves
535 2501 641 2526 wore
661 2488 752 2526 iron
774 2489 898 2537 rings,
921 2502 945 2525 a
965 2488 1133 2538 symbol
1153 2488 1201 2526 of
1216 2487 1439 2538 captivity.

325 2547 337 2565 ⁶
366 2541 390 2579 I
396 2555 439 2580 .e.
463 2541 564 2592 they
586 2554 690 2580 were
712 2542 843 2580 called
865 2541 1186 2580 Samothracia-n
1207 2541 1331 2591 rings.

276 2632 329 2662 20
