1873 3020
180 661 253 700 136

179 1060 253 1100 137

176 1726 250 1766 138

544 191 779 238 PLINY:
833 193 1160 239 NATURAL
1207 192 1498 239 HISTORY

287 323 560 383 potiantur,
590 320 643 366 C.
674 321 846 366 Asinio
875 320 1019 366 Gallo
1048 320 1100 366 C.
1135 320 1325 366 Marcio
1353 320 1622 367 Censorino
1656 338 1753 368 cos.

287 405 330 433 a.
358 387 404 432 d.
433 403 480 432 VI
512 386 620 432 Kal.
657 387 800 432 Febr.
835 386 888 432 C.
924 386 1165 432 Caecilius
1199 386 1252 432 C.
1288 387 1316 432 l.
1353 387 1568 433 Isidorus
1600 395 1754 434 testa-

288 461 459 499 mento
482 470 570 499 suo
593 454 768 508 edixit,
791 457 1013 515 quamvis
1038 454 1195 499 multa
1216 453 1347 499 bello
1369 454 1495 500 civili
1517 454 1755 516 perdidis-

288 528 381 574 set,
405 528 576 566 tamen
599 521 878 582 relinquere
901 536 1154 566 servorum
1172 520 1191 549 1
1213 530 1296 567 ᾗ
1318 536 1445 576 CXVI,
1466 524 1583 584 iuga
1603 521 1753 567 bourn

290 597 349 635 ᾖ
392 603 468 641 Dc,
505 587 679 649 reliqui
717 591 905 648 pecoris
944 596 1116 641 &cm—'In
1151 590 1199 632 in
1236 594 1499 633 numerato
1536 603 1594 633 Hs
1640 597 1750 653 '’D—61,

285 653 501 699 funerari
548 670 600 699 se
648 657 789 699 iussit
835 669 894 699 Hs
947 654 1068 719 ΓλἯέ
1132 661 1407 716 congerant
1452 654 1754 701 excedentes

289 737 550 766 numerum
574 737 710 782 opes,
734 728 887 782 quota
910 728 1083 766 tamen
1106 724 1267 782 portio
1291 727 1438 766 erunt
1460 720 1752 777 Ptolemaei,

287 803 437 850 quem
463 787 617 833 Varro
642 787 799 833 tradit
824 787 1061 849 Pompeio
1086 804 1163 833 res
1187 795 1398 850 gerente
1423 791 1551 833 circa
1577 787 1755 834 Iudae-

285 871 365 899 am
407 861 584 899 octona
626 854 760 899 milia
803 858 1028 916 equitum
1070 870 1158 899 sua
1198 857 1411 916 pecunia
1450 854 1753 910 toleravisse,

284 921 419 966 mille
464 923 691 966 convivas
737 921 950 966 totidem
997 924 1157 966 aureis
1203 924 1425 983 potoriis,
1471 929 1752 968 mutantem

287 1004 346 1033 ea
371 1004 488 1032 vasa
506 1004 618 1033 cum
644 987 858 1042 ferculis,
876 988 1156 1049 saginasse!
1224 994 1379 1050 quota
1403 1004 1519 1034 vero
1544 988 1624 1034 ille
1649 992 1754 1050 ipse

287 1070 513 1116 —neque
574 1057 705 1099 enim
765 1054 828 1100 de
888 1055 1087 1116 regibus
1146 1054 1546 1117 loquor—portio
1604 1054 1754 1101 fuerit

286 1120 459 1183 Pythis
515 1120 735 1182 Bithyni,
790 1124 873 1183 qui
927 1121 1188 1182 platanum
1242 1137 1445 1167 auream
1500 1125 1752 1184 vitemque

286 1188 474 1233 nobiles
496 1187 601 1232 illas
624 1188 777 1234 Dario
796 1191 901 1250 regi
922 1188 1144 1243 donavit,
1163 1187 1341 1233 Xerxis
1362 1191 1545 1249 copias,
1564 1187 1656 1234 hoc
1678 1197 1754 1235 est

291 1264 393 1320 ΙῑἿῑῙ
432 1255 667 1302 Lxxxvm3
718 1254 990 1309 hominum,
1024 1258 1223 1316 excepit
1256 1255 1419 1316 epulo,
1448 1256 1752 1316 stipendium

286 1325 505 1383 quinque
558 1338 786 1366 mensum
837 1321 1248 1383 frumentumque
1299 1321 1563 1383 pollicitus,
1616 1330 1672 1367 ut
1726 1339 1752 1369 e

286 1391 506 1450 quinque
532 1388 695 1433 liberis
721 1391 771 1433 in
796 1388 981 1434 dilectu
1006 1391 1254 1434 senectuti
1280 1404 1399 1434 suae
1425 1405 1549 1434 unus
1574 1389 1752 1435 saltem

283 1455 666 1501 concederetur!
716 1454 845 1500 hunc
875 1471 1073 1517 quoque
1102 1458 1263 1517 ipsum
1293 1455 1468 1517 aliquis
1497 1463 1754 1517 comparet

284 1521 466 1567 Croeso
502 1522 632 1584 regi!
688 1538 835 1584 quae,
870 1522 1074 1576 malum,
1111 1525 1331 1567 amentia
1368 1529 1445 1567 est
1479 1522 1529 1568 id
1565 1525 1614 1568 in
1651 1526 1753 1569 vita

283 1605 484 1649 cupere,
504 1589 637 1651 quod
656 1595 745 1634 aut
765 1596 817 1634 et
836 1592 986 1634 servis
1006 1592 1274 1651 contigerit
1293 1596 1382 1634 aut
1400 1605 1463 1634 ne
1483 1592 1533 1634 in
1552 1590 1751 1652 regibus

285 1655 486 1717 quidem
529 1658 776 1701 invenerit
818 1655 993 1701 finem!

344 1721 578 1768 XLVIII.
618 1721 833 1783 Populus
875 1722 931 1768 R.
965 1725 1148 1784 stipem
1188 1738 1424 1784 spargere
1464 1725 1630 1784 coepit
1667 1721 1749 1785 Sp.

284 1787 538 1835 Postumio
559 1788 618 1846 Q.
644 1789 834 1835 Marcio
853 1806 948 1835 cos.
969 1804 979 1843 3
1015 1796 1163 1835 tanta
1182 1789 1492 1834 abundantia
1510 1792 1751 1851 pecuniae

284 1862 410 1911 erat,
443 1863 500 1902 ut
532 1872 644 1902 eam
676 1855 927 1902 conferret
960 1855 1016 1902 L.
1051 1855 1282 1917 Scipioni,
1315 1871 1377 1901 ex
1411 1872 1507 1918 qua
1540 1859 1578 1901 is
1611 1855 1750 1902 ludos

340 2004 352 2027 ¹
384 2016 454 2057 se—
455 2018 673 2044 servorum
701 2005 806 2044 coni.
838 2005 1042 2056 Illayhoff.

335 2059 350 2081 2
381 2056 466 2109 {XII}
498 2059 603 2104 Ian3
647 2059 698 2109 131
728 2059 955 2109 Detlefsen:
1003 2069 1051 2097 xl
1086 2058 1257 2097 milibus
1291 2057 1349 2097 od.
1386 2058 1483 2097 Par.
1521 2060 1649 2098 6801:
1701 2066 1747 2097 XI

283 2112 365 2150 rell.
395 2116 479 2158 (lxl
507 2112 575 2160 B).

335 2165 351 2188 ³
383 2163 465 2218 lv—Hl
488 2165 595 2204 Ian:
635 2174 845 2203 Lxxxvm
884 2164 1032 2215 Silliq:
1076 2165 1189 2203 varia
1210 2164 1296 2203 cdd.

333 2360 350 2378 ‘²
378 2354 453 2393 Le.
477 2354 565 2392 still
585 2354 695 2392 alive
718 2354 802 2392 and
825 2354 962 2404 ruling
986 2354 1057 2392 the
1081 2354 1266 2406 Empim,
1291 2368 1337 2393 so
1360 2354 1457 2393 that
1478 2355 1513 2394 it
1535 2355 1674 2394 would
1698 2356 1748 2395 be

276 2408 512 2458 dangerous
535 2412 581 2446 to
605 2408 734 2458 speak
759 2408 806 2446 of
825 2408 956 2468 them.

335 2461 942 2560 :gggbffgsszdssaegtrfstzssff
958 2460 1174 2554 §.few
1197 2463 1325 2500 Μ

280 2617 362 2647 102
