1899 3015
237 658 315 695 154

238 1258 314 1295 155

240 1723 316 1763 156

593 188 838 234 PLINY:
897 187 1225 234 NATURAL
1267 187 1562 234 HISTORY

348 315 698 378 pulcherrimas
739 314 902 360 facere
942 314 1229 360 studebant.
1299 313 1432 359 idem
1472 319 1524 359 et
1563 312 1625 359 de
1665 316 1814 375 signis

347 383 532 443 effigies
567 384 844 443 exprimere
880 384 1085 435 invenit,
1119 383 1373 441 crevitque
1406 395 1483 426 res
1517 382 1566 425 in
1600 386 1815 434 tantum,

349 457 403 495 ut
445 449 577 494 nulla
617 452 759 511 signa
798 455 1059 494 statuaeve
1100 450 1204 493 sine
1246 446 1417 509 argilla
1457 446 1649 491 fierent.
1718 463 1816 508 quo

348 522 557 578 apparet
605 518 935 576 antiquiorem
985 514 1111 559 hanc
1160 513 1309 559 fuisse
1358 516 1615 559 scientiam
1665 529 1814 574 quam

347 582 587 628 fundendi
620 585 759 627 aeris.

409 649 559 694 XLV.
598 648 795 694 Plastae
841 647 1164 693 laudatissimi
1210 645 1348 692 fuere
1394 644 1720 707 Damophilus
1765 652 1817 691 et

349 716 615 778 Gorgasus,
645 716 795 761 iidem
826 718 1056 776 pictores,
1087 716 1170 776 qui
1200 713 1391 759 Cereris
1423 712 1599 758 aedem
1630 712 1816 758 Romae

348 783 410 828 ad
463 786 645 827 circum
697 784 970 827 maximum
1024 787 1235 842 utroque
1287 795 1472 842 genere
1526 781 1644 824 artis
1697 794 1817 825 suae

349 849 685 903 excoluerant,
723 849 942 894 versibus
979 850 1224 908 inscriptis
1262 846 1470 900 Graece,
1507 846 1685 908 quibus
1721 847 1816 908 sig-

350 916 607 961 nificarent
631 917 693 961 ab
717 916 896 961 dextra
919 930 1070 976 opera
1094 912 1379 975 Damophili
1405 928 1528 967 esse,
1553 913 1615 958 ab
1638 911 1780 958 laeva
1798 911 1815 940 1

350 984 572 1045 Gorgasi.
642 989 760 1028 ante
814 981 940 1027 hanc
995 981 1172 1026 aedem
1226 980 1496 1025 Tuscanica
1549 981 1715 1025 omnia
1767 981 1817 1024 in

349 1050 554 1095 aedibus
600 1048 748 1094 fuisse
795 1055 966 1094 auctor
1012 1055 1087 1093 est
1132 1047 1303 1101 Varro,
1349 1053 1401 1092 et
1446 1062 1507 1091 ex
1552 1045 1661 1100 hac,
1705 1062 1817 1091 cum

350 1116 652 1169 reficeretur,
699 1123 887 1161 crustas
934 1118 1182 1176 parietum
1230 1116 1417 1159 excisas
1464 1112 1646 1158 tabulis
1692 1128 1818 1157 mar-

348 1186 528 1245 ginatis
556 1183 764 1228 inclusas
793 1199 916 1236 esse,
943 1185 1065 1227 item
1092 1184 1231 1243 signa
1259 1197 1318 1226 ex
1346 1180 1554 1241 fastigiis
1582 1179 1816 1240 dispersa.

347 1250 465 1295 fecit
517 1257 568 1295 et
618 1248 1003 1295 Chalcosthenes
1055 1248 1206 1293 cruda
1255 1263 1406 1308 opera
1455 1245 1684 1300 Athenis,
1735 1249 1818 1308 qui

349 1317 481 1362 locus
535 1317 596 1361 ab
648 1316 840 1361 officina
893 1319 996 1361 eius
1051 1314 1329 1360 Ceramicos
1379 1313 1673 1375 appellatur.
1745 1311 1816 1359 M.

351 1384 502 1429 Varro
561 1383 715 1429 tradit
779 1383 869 1428 sibi
929 1384 1184 1444 cognitum
1243 1381 1430 1426 Romae
1490 1378 1677 1425 Possim
1735 1396 1819 1425 no·

349 1453 498 1504 mine,
542 1466 570 1495 a
613 1467 710 1511 quo
754 1448 887 1495 facta
929 1465 1075 1511 poma
1120 1455 1171 1494 et
1215 1464 1332 1493 uvas
1376 1454 1432 1492 ut
1475 1463 1572 1492 non
1614 1445 1818 1508 posses2

350 1524 555 1578 aspectu
575 1516 852 1563 discernere
879 1532 907 1561 a
931 1514 1095 1561 veris.3
1161 1514 1293 1560 idem
1318 1513 1603 1576 magnificat
1629 1513 1818 1558 Arcesi-

351 1584 499 1638 laum,
545 1583 600 1629 L.
654 1583 845 1629 Luculli
895 1582 1205 1635 familiarem,
1254 1583 1391 1626 cuius
1440 1579 1817 1642 proplasmata4

350 1651 499 1712 pluris
545 1653 712 1696 venire
757 1650 901 1695 solita
946 1649 1214 1695 artificibus
1258 1650 1373 1710 ipsis
1419 1663 1568 1708 quam
1614 1646 1819 1692 aliorum

353 1732 530 1779 opera;
579 1718 641 1762 ab
670 1716 762 1762 hoc
793 1716 977 1762 factam
1007 1716 1254 1762 Venerem
1286 1714 1604 1760 Genetricem
1635 1716 1684 1758 in
1715 1712 1819 1758 foro

350 1784 572 1830 Caesaris
628 1791 696 1838 et,
750 1787 1036 1846 priusquam
1090 1782 1445 1835 absolveretur,
1499 1779 1818 1826 festinatione

413 1891 426 1913 ¹
457 1891 511 1929 ab
536 1891 658 1930 laeva
683 1891 866 1929 Gronov:
909 1903 934 1927 a
959 1895 1079 1940 parte
1104 1889 1226 1927 laeva
1250 1887 1309 1927 ccl.
1336 1888 1433 1926 Par.
1461 1888 1562 1926 6801
1586 1903 1593 1925 :
1637 1885 1693 1924 ab
1718 1885 1820 1924 imia

357 1945 392 1982 B
411 1960 418 1983 :
461 1944 612 1995 aplane
635 1950 706 1983 ant
730 1944 883 1995 aplone
906 1943 989 1982 rell.

410 1999 424 2021 ²
455 2005 503 2036 ut
546 2011 631 2036 non
664 2011 806 2048 posses
840 1997 1060 2035 Hardouin
1095 1998 1151 2044 (u.
1197 2008 1237 2034 n.
1271 1995 1406 2056 possis
1440 1994 1641 2040 Gronov):
1694 2005 1820 2031 nemo

356 2058 497 2102 posset
537 2051 730 2101 Mayhosf
744 2067 752 2090 ε
809 2064 894 2089 non
932 2050 1065 2101 possis
1102 2049 1212 2087 Ian:
1268 2053 1329 2087 lta
1366 2052 1415 2086 ut
1452 2060 1538 2086 non
1575 2047 1630 2085 sit
1668 2046 1815 2085 Galen:

355 2105 500 2143 alitem
517 2105 694 2143 nescisse
713 2105 872 2143 Traube
891 2119 899 2143 :
934 2104 1037 2142 item
1054 2103 1187 2154 pisces
1205 2103 1241 2140 Β
1260 2118 1268 2141 :
1303 2102 1405 2140 item
1422 2101 1547 2151 piscis
1564 2100 1646 2140 rell.
1666 2099 1817 2151 (poscis

354 2158 413 2197 cd.
436 2159 534 2197 Par.
559 2159 650 2196 Lat.
673 2159 795 2206 6797)
815 2173 822 2197 :
864 2158 967 2196 item
989 2157 1122 2208 pisces
1146 2169 1250 2206 quos
1272 2155 1331 2194 cd.
1355 2155 1458 2194 Poll.

409 2212 425 2235 ³
455 2212 564 2250 veris
588 2212 660 2250 vix
685 2224 827 2262 posses
851 2211 909 2249 ccl.
935 2211 1038 2249 Poll.

409 2266 425 2288 ⁴
454 2265 746 2317 proplasmata
776 2265 924 2304 Gelan:
968 2263 1281 2314 propriasmata
1309 2262 1347 2300 B
1364 2277 1372 2300 :
1416 2260 1701 2312 proplasticen
1731 2258 1817 2298 edd.

356 2325 445 2358 vett.
467 2335 474 2357 z
515 2319 693 2369 plastica
715 2318 774 2357 cd.
799 2318 896 2356 Par.
921 2319 1021 2356 6801
1045 2333 1053 2355 :
1095 2317 1381 2367 pleurosamta
1402 2315 1485 2353 rell.

410 2433 428 2450 ‘²
459 2426 694 2465 Dedicated
716 2426 759 2465 in
781 2427 859 2465 493
886 2437 965 2464 B.C.
1212 2424 1226 2447 ὁ
1256 2424 1331 2463 See
1355 2422 1564 2467 XXXIV,
1589 2423 1652 2461 34,

410 2486 424 2504 ⁰
453 2480 496 2519 It
519 2493 604 2519 was
627 2479 813 2519 restored
838 2479 965 2527 (after
988 2478 1060 2517 the
1084 2478 1156 2516 fire
1181 2476 1228 2515 of
1247 2479 1294 2516 31
1325 2477 1425 2524 B.C.)
1453 2476 1510 2526 by
1535 2475 1752 2525 Augustus
1775 2473 1818 2511 in

354 2536 404 2573 27
427 2546 506 2572 13.<:.
564 2530 582 2555 ‘¹
612 2533 669 2573 Or
685 2532 996 2572 Caecostvhenes
1013 2533 1072 2573 (=
1093 2529 1416 2578 ΚαϊκοσθένηςΠ
1451 2529 1502 2567 cf.
1521 2527 1729 2566 XXXIV.
1751 2529 1816 2565 87.

351 2617 440 2663 374
