1873 3020
560 224 767 271 PLINY
784 242 795 272 ε
848 225 1176 272 NATURAL
1221 225 1516 273 HISTORY

305 361 481 416 utpote
503 371 616 400 cum
639 353 1027 416 SeptumuleiuS,
1050 353 1104 400 C.
1130 353 1338 400 Gracchi
1360 353 1631 410 familiaris,
1653 372 1772 402 auro

304 434 679 495 rependendum
733 441 886 496 caput
942 437 1045 479 eius
1100 434 1345 480 abscisum
1399 434 1463 480 ad
1518 434 1770 496 Opimium

305 513 477 559 tulerit
505 514 810 576 plumboque
841 517 888 559 in
918 531 970 560 os
1000 513 1172 559 addito
1201 514 1446 575 parricido
1473 530 1562 560 suo
1589 531 1694 560 rem
1722 532 1769 578 p.

305 597 457 639 etiam
493 597 956 656 circumscripserit3
1012 610 1102 639 nec
1139 597 1237 639 iam
1275 593 1543 652 Quiritium
1580 594 1771 657 aliquis,

302 673 391 719 sed
415 677 642 719 universo
667 677 866 720 nomine
892 674 1114 719 Romano
1139 673 1311 719 infami
1334 690 1422 720 rex
1449 673 1772 721 Mithridates

303 753 503 815 Aquilio
532 754 644 800 duci
674 761 824 816 capto
854 771 1029 799 aurum
1060 757 1108 799 in
1141 771 1192 799 os
1223 753 1421 800 infudit.
1489 753 1613 801 haec
1641 759 1773 817 parit

221 840 272 879 49
304 833 520 880 habendi
545 834 750 896 cupido!
795 834 953 895 pudet
976 837 1259 879 intuentem
1285 837 1484 879 nomina
1507 837 1621 890 ista,
1644 851 1772 897 quae

303 913 513 959 subinde
542 931 668 960 nova
697 914 890 960 Graeco
918 930 1146 960 sermone
1176 917 1526 976 excogitantur
1552 917 1773 977 insperso

304 997 555 1056 argenteis
584 997 710 1040 vasis
739 1011 859 1040 auro
889 1001 941 1040 et
970 994 1172 1048 incluso,
1202 994 1379 1056 quibus
1408 993 1593 1040 deliciis
1621 995 1771 1056 pluris

304 1081 524 1119 veneunt
561 1077 792 1120 inaurata
831 1091 981 1136 quam
1019 1090 1189 1127 aurea,
1226 1090 1337 1119 cum
1376 1077 1586 1120 sciamus
1622 1077 1774 1121 inter-

303 1153 485 1199 dixisse
506 1157 679 1200 castris
700 1158 798 1200 suis
820 1153 1135 1216 Spartacum,
1156 1169 1218 1199 ne
1241 1157 1348 1215 quis
1369 1170 1544 1199 aurum
1563 1153 1774 1201 haberet

304 1241 392 1279 aut
425 1241 706 1296 argentum.
775 1241 919 1280 tanto
953 1233 1062 1296 plus
1098 1233 1193 1279 fuit
1226 1237 1376 1279 animi
1410 1233 1631 1297 fugitivis
1665 1252 1774 1281 nos-

222 1322 274 1359 50
305 1317 391 1359 tris
410 1314 418 1359 !
479 1313 716 1359 Messalla
738 1321 905 1360 orator
926 1314 1144 1375 prodidit
1166 1314 1442 1359 Antonium
1463 1317 1773 1361 triumvirum

305 1397 465 1440 aureis
510 1411 653 1440 usum
698 1398 823 1440 vasis
868 1397 918 1439 in
962 1394 1189 1440 omnibus
1233 1394 1457 1440 obscenis
1501 1394 1774 1450 desideriis,

305 1473 538 1535 pudendo
580 1477 784 1520 crimine
828 1478 982 1520 etiam
1025 1474 1339 1535 Cleopatrae.
1407 1491 1599 1520 summa
1641 1475 1774 1536 apud

306 1561 503 1600 exteros
553 1554 785 1600 licentiae
833 1554 1000 1600 fuerat
1049 1553 1332 1615 Philippum
1380 1570 1551 1617 regem
1599 1555 1774 1616 poculo

305 1650 455 1680 aureo
490 1634 700 1696 pulvinis
735 1634 935 1680 subdito
971 1634 1184 1680 dormire
1220 1633 1438 1689 solitum,
1475 1634 1774 1697 Hagnonem

304 1714 496 1769 Teium,
533 1714 807 1760 Alexandri
847 1714 1022 1777 Magni
1061 1713 1393 1775 praefectum,
1429 1718 1589 1760 aureis
1625 1714 1774 1761 clavis

304 1794 532 1857 suffigere
562 1794 814 1856 crepidas:
863 1795 1110 1840 Antonius
1140 1794 1270 1840 solus
1299 1794 1602 1840 contumelia
1630 1802 1773 1841 natu-

304 1890 389 1920 rae
431 1874 676 1920 vilitatem
719 1891 838 1920 auro
880 1874 1014 1920 fecit.
1083 1891 1111 1920 o
1153 1874 1359 1936 dignum
1400 1877 1775 1936 proscriptione,

305 1954 394 2000 sed
425 1953 675 2016 Spartaci!

223 2040 269 2079 51
368 2034 474 2080 XV.
513 2034 760 2097 Equidem
813 2037 962 2080 miror
1013 2033 1251 2096 populum
1305 2034 1581 2079 Romanum
1635 2038 1774 2081 victis

304 2115 539 2176 gentibus
568 2118 618 2160 in
643 2115 832 2160 tributo
856 2131 1054 2176 semper
1077 2120 1342 2176 argentum
1366 2117 1653 2176 imperasse,
1677 2131 1773 2161 non

363 2332 381 2350 ⁰
408 2327 562 2366 Consul
584 2327 626 2365 in
652 2328 722 2365 121
750 2338 830 2366 B.C.

366 2380 381 2404 ὸ
411 2381 530 2419 After
554 2380 626 2418 the
651 2380 786 2418 battle
809 2379 856 2418 of
876 2379 1223 2418 Protomachium
1246 2379 1287 2417 in
1312 2378 1413 2417 Asia
1435 2379 1585 2425 Minor,
1612 2381 1663 2418 88
1688 2391 1769 2418 B.c.

365 2439 380 2458 ⁰
408 2434 567 2472 Leader
588 2433 635 2472 of
651 2447 675 2471 a
695 2438 813 2484 great
833 2433 1097 2483 slave-rising
1118 2434 1160 2471 in
1181 2432 1312 2483 Italy,
1335 2434 1462 2472 73-71
1489 2444 1569 2472 B.C.

367 2487 385 2510 ‘⁷¹
414 2487 487 2526 Le.
518 2487 574 2537 by
603 2500 627 2525 a
655 2487 784 2532 slave,
814 2492 891 2524 not
919 2487 976 2537 by
1003 2500 1028 2525 a
1056 2486 1194 2524 fellow
1223 2487 1424 2525 freeman.
1482 2487 1659 2537 Antony
1688 2499 1772 2524 was

310 2540 522 2578 infamous
540 2541 605 2579 for
623 2540 695 2578 the
713 2540 997 2591 proscription
1015 2539 1150 2578 which
1169 2539 1220 2577 he
1239 2539 1427 2578 inflieted
1446 2539 1488 2578 in
1506 2541 1557 2579 43
1579 2551 1660 2578 13.c.

311 2632 369 2672 40
