1873 3020
541 186 743 232 PLINY
764 204 773 232 :
829 185 1008 231 NATU
1019 184 1155 230 RAL
1202 183 1494 230 HISTORY

280 322 369 361 aut
404 315 635 360 arborum
671 313 803 358 mala
839 312 1107 358 ferentium
1144 311 1290 357 modo
1326 311 1568 365 lucentes,
1605 309 1750 372 quale

282 399 359 437 est
404 395 453 436 in
499 390 689 451 templo
737 389 977 451 Apollinis
1026 388 1238 434 Palatini
1286 387 1419 449 quod
1464 386 1752 433 Alexander

286 468 502 530 Magnus
538 467 823 513 Thebarum
861 469 1234 527 expugnatione
1270 472 1474 526 captum
1510 468 1559 509 in
1595 463 1750 526 Cyme

280 545 534 590 dicaverat
560 544 722 589 eidem
748 544 857 589 deo.

205 631 250 667 15
347 621 433 667 IX.
471 622 688 667 Transiit
730 620 911 666 deinde
945 637 1021 665 ars
1058 620 1204 681 vulgo
1242 619 1425 680 ubique
1467 618 1530 663 ad
1566 617 1751 680 effigies

283 698 504 744 deorum.
573 698 761 743 Romae
790 697 1106 743 simulacrum
1136 713 1197 741 ex
1226 712 1340 741 aere
1367 695 1557 741 factum
1585 694 1752 740 Cereri

283 779 496 837 primum
525 778 719 837 reperio
751 790 812 820 ex
842 774 1035 836 peculio
1066 773 1147 835 Sp.
1180 772 1335 828 Cassi,
1365 789 1515 835 quem
1542 788 1752 834 regnum

282 851 627 898 adfectantem
658 858 805 914 pater
836 855 986 913 ipsius
1019 853 1345 896 interemerit.
1413 853 1621 895 transiit'
1642 856 1694 894 et
1724 865 1751 893 a

281 929 372 975 diis
423 929 487 975 ad
538 929 793 975 hominum
844 936 1040 974 statuas
1091 935 1244 989 atque
1294 931 1535 989 imagines
1584 926 1752 972 multis

282 1006 454 1053 modis.
522 1007 768 1052 bitumine
796 1009 987 1067 antiqui
1018 1005 1318 1067 tinguebant
1345 1021 1447 1059 eas,
1474 1021 1570 1066 quo
1595 1006 1752 1065 magis

282 1087 460 1129 mirum
499 1091 575 1129 est
612 1084 858 1145 placuisse
897 1099 1015 1128 auro
1053 1086 1295 1144 integere.
1363 1081 1454 1127 hoc
1490 1084 1654 1127 nescio
1690 1096 1753 1125 an

304 1161 560 1206 tomanum
586 1160 737 1206 fuerit
758 1164 1044 1214 inventum3
1077 1166 1212 1205 certe
1239 1162 1393 1204 etiam
1417 1175 1599 1204 nomen
1621 1174 1719 1203 non
1735 1156 1754 1185 1

207 1245 251 1283 16
284 1237 438 1283 habet
488 1238 783 1284 vetustum.2
852 1237 1038 1299 effigies
1084 1236 1338 1282 hominum
1385 1253 1481 1281 non
1527 1235 1754 1281 solebant

284 1318 492 1376 exprimi
546 1318 636 1360 nisi
692 1315 858 1377 aliqua
911 1314 1104 1359 inlustri
1158 1330 1306 1359 causa
1360 1316 1753 1374 perpetuitatem

284 1395 599 1447 merentium,
653 1396 811 1454 primo
864 1408 1115 1437 sacrorum
1168 1394 1497 1436 certaminum
1552 1392 1753 1435 victoria

283 1472 600 1531 maximeque
645 1469 930 1532 Olympiae,
973 1469 1057 1514 ubi
1100 1471 1338 1522 omnium,
1381 1471 1464 1529 qui
1506 1470 1753 1521 vicissent,

283 1553 477 1591 statuas
523 1546 677 1592 dicari
720 1563 825 1592 mos
873 1553 999 1600 erat,
1045 1562 1215 1591 eorum
1261 1561 1393 1599 vero,
1438 1547 1521 1606 qui
1566 1551 1644 1589 ter
1686 1544 1752 1588 ibi

283 1627 670 1684 superavissent,
734 1640 795 1669 ex
857 1623 1091 1668 membris
1155 1626 1372 1683 ipsorum
1433 1621 1753 1667 similitudine

206 1706 251 1744 17
287 1715 538 1761 expressa,
570 1717 691 1762 quas
723 1704 934 1746 iconicas
966 1706 1159 1745 vocant.
1227 1698 1561 1744 Athenienses
1591 1701 1754 1743 nescio

284 1793 347 1821 an
379 1781 547 1838 primis
581 1781 801 1823 omnium
835 1777 1108 1822 Harmodio
1142 1783 1194 1822 et
1226 1776 1555 1838 Aristogitoni
1586 1782 1754 1838 tyran-

285 1854 456 1899 nicidis
504 1855 700 1917 publice
748 1858 1004 1916 posuerint
1051 1860 1260 1899 statuaS.
1327 1853 1419 1899 hoc
1465 1860 1631 1898 actum
1678 1859 1754 1897 est

285 1930 461 1976 eodem
501 1949 648 1987 anno,
689 1948 787 1994 quo
828 1938 880 1977 et
920 1931 1108 1977 Romae
1149 1947 1291 1992 reges
1331 1930 1474 1992 pulsi.
1543 1937 1754 1991 excepta

283 2006 464 2054 deinde
504 2025 581 2055 res
623 2016 700 2055 est
739 2026 768 2054 a
808 2016 916 2054 toto
957 2009 1075 2054 orbe
1116 2015 1365 2053 terrarum
1402 2007 1753 2052 humanissima

352 2109 367 2133 ¹
396 2123 552 2149 nomen
575 2124 661 2149 non
683 2111 747 2150 B:
788 2123 933 2149 romae
956 2123 1042 2148 non
1064 2110 1148 2149 rell.
1167 2123 1175 2147 :
1201 2109 1365 2148 Romae
1387 2122 1543 2148 nomen
1565 2109 1699 2159 Silliq.

348 2163 364 2187 ²
394 2169 613 2202 vetustum
633 2165 670 2203 B
688 2180 696 2203 :
735 2168 998 2202 vetustatem
1020 2164 1104 2202 rell.

340 2264 358 2282 ⁰
386 2260 618 2298 Dedicated
640 2260 698 2311 by
719 2261 963 2310 Augustus
955 2274 995 2298 ln
1019 2262 1068 2299 27
1092 2272 1130 2298 Β.
1135 2271 1172 2299 C.

347 2312 362 2336 ⁶
390 2313 607 2363 Probably
628 2318 673 2353 to
694 2314 872 2364 provide
892 2327 917 2352 a
939 2315 1178 2364 protective
1199 2313 1352 2364 polish.

346 2372 361 2390 ⁶
390 2367 516 2405 From
538 2368 611 2406 the
633 2367 769 2407 Greek
787 2366 921 2413 εἰκών,
945 2366 1165 2409 εἶκωνικός.

343 2417 362 2442 ‘¹
390 2421 455 2471 By
476 2422 682 2460 Antenor.
740 2421 828 2459 The
849 2422 1095 2471 conspiruy
1126 2420 1172 2458 of
1198 2420 1457 2458 Harmodius
1483 2419 1567 2458 and
1594 2420 1753 2459 Aristo·

288 2474 430 2525 geiton
444 2474 546 2512 took
562 2475 734 2525 placem
749 2476 936 2514 514-513
953 2486 1034 2513 Β.(’.
1084 2475 1118 2513 Α
1134 2474 1294 2512 marble
1310 2486 1416 2525 copy
1430 2473 1477 2512 of
1486 2472 1654 2513 Critius’
1669 2474 1752 2512 and

292 2525 500 2567 Nesiotes‘
518 2528 624 2567 later
637 2528 874 2567 substitute
889 2528 973 2566 still
988 2529 1134 2567 exists.
1192 2528 1269 2567 See
1282 2532 1384 2567 note
1398 2541 1450 2565 on
1466 2540 1535 2579 pp.
1553 2528 1752 2566 256-257.

299 2594 382 2653 138
