1873 3020
223 734 274 771 60

224 1065 270 1104 61

554 198 796 244 PLINY:
854 197 1182 243 NATURAL
1225 195 1515 242 HISTORY

306 326 552 380 videntur,
578 328 699 370 item
725 324 1007 385 Apollinem
1032 330 1418 385 serpentemque
1445 325 1548 368 eius
1573 325 1769 385 sagittis

305 392 520 454 configi,l
564 391 923 445 citharoedum,
968 394 1051 452 qui
1096 390 1310 435 Dicaeus
1355 388 1633 450 appellatus
1679 395 1770 443 est,

306 460 455 522 quod,
482 475 592 504 cum
620 458 824 503 Thebae
851 458 914 502 ab
942 457 1229 502 Alexandro
1256 462 1571 517 caperentur,
1599 471 1771 501 aurum

306 543 333 571 a
372 525 598 588 fugiente
638 525 892 570 conditum
931 527 1039 568 sinu
1080 526 1183 568 eius
1222 523 1441 568 celatum
1481 528 1626 568 esset.
1695 520 1772 567 hic

307 595 491 655 primus
556 608 730 637 nervos
797 598 849 636 et
912 606 1063 635 venas
1132 592 1375 651 expressit
1439 588 1772 651 capillumque

307 659 608 719 diligentius.

370 726 484 770 Fuit
505 732 557 770 et
577 724 698 769 alius
720 722 1030 785 Pythagoras
1051 721 1260 776 SamiuS‚
1281 724 1421 767 initio
1441 723 1616 782 pictor,
1637 723 1772 766 cuius

307 795 447 854 signa
472 792 535 837 ad
559 791 737 836 aedem
763 791 1013 836 Fortunae
1039 789 1256 834 Huiusce
1283 789 1397 834 Diei
1421 794 1616 849 septem
1640 787 1773 833 nuda

308 866 360 904 et
394 862 522 904 senis
559 874 711 902 unum
746 856 952 902 laudata
987 863 1118 901 sunt.
1186 855 1263 900 hic
1298 870 1446 916 supra
1480 854 1614 900 dicto
1648 852 1774 899 facie

308 941 505 988 quoque
560 924 826 969 indiscreta
880 923 1048 968 similis
1103 921 1254 967 fuisse
1309 921 1541 975 traditur,
1597 920 1772 983 Regini

307 999 478 1037 autem
503 990 766 1052 discipulus
794 997 846 1035 et
871 989 995 1034 filius
1020 991 1195 1034 sororis
1220 987 1370 1033 fuisse
1396 986 1663 1033 Sostratus.

375 1059 647 1120 Lysippum
698 1056 979 1119 Sicyonium
1031 1056 1178 1101 Duris
1230 1061 1385 1117 negat
1432 1053 1575 1099 ullius
1624 1052 1775 1099 fuisse

308 1125 618 1186 discipulum,
670 1124 757 1169 sed
808 1126 965 1184 primo
1016 1125 1263 1167 aerarium
1312 1120 1510 1166 fabrum
1560 1119 1773 1166 audendi

309 1195 551 1237 rationem
592 1193 780 1252 cepisse
821 1192 1020 1251 pictoris
1063 1189 1310 1250 Eupompi
1344 1203 1592 1248 responso.
1662 1203 1776 1232 eum

310 1262 440 1304 enim
462 1261 844 1319 interrogatum,
867 1273 1015 1318 quem
1037 1262 1332 1318 sequeretur
1352 1253 1775 1305 antecedentium,

308 1325 490 1371 dixisse
536 1330 815 1369 monstrata
860 1322 1115 1368 hominum
1160 1321 1499 1374 multitudine,
1545 1326 1777 1365 naturam

256 1407 264 1415 ·
311 1395 469 1453 ipsam
507 1390 802 1436 imitandam
842 1406 966 1444 esse,
1005 1406 1102 1434 non
1141 1388 1396 1433 artificem.
1467 1386 1677 1448 plurima
1715 1402 1776 1431 ex

310 1459 534 1505 omnibus
562 1461 704 1519 signa
730 1456 866 1511 fecit,
894 1463 950 1502 ut
977 1455 1207 1509 diximus,
1234 1453 1614 1500 fecundissimae
1640 1455 1776 1506 artis,

310 1529 441 1571 inter
466 1541 594 1587 quae
619 1524 1016 1585 destringentem
1041 1539 1110 1576 se,
1137 1537 1286 1584 quem
1313 1520 1384 1566 M.
1412 1521 1636 1582 Agrippa
1660 1526 1777 1565 ante

309 1591 547 1637 Thermas
577 1607 689 1636 suas
719 1591 919 1644 dicavit,
949 1592 1071 1634 mire
1100 1595 1301 1651 gratum
1330 1587 1526 1632 Tiberio
1555 1589 1775 1647 principi.

311 1676 407 1704 non
426 1661 583 1720 quivit
599 1665 882 1718 temperare
900 1656 990 1701 sibi
1008 1659 1057 1700 in
1076 1672 1151 1710 eo,
1169 1670 1472 1716 quamquam
1489 1655 1777 1714 imperiosus

311 1729 384 1771 sui
405 1729 534 1770 inter
554 1727 693 1770 initia
714 1727 1035 1785 principatus,
1055 1721 1412 1783 transtulitque
1432 1723 1482 1765 in
1500 1719 1776 1766 cubiculum

311 1792 406 1838 alio
450 1795 589 1854 signo
633 1791 921 1844 substituto,
966 1806 1078 1835 cum
1123 1788 1325 1851 quidem
1367 1793 1514 1833 tanta
1556 1802 1670 1848 pop.
1718 1785 1774 1831 R.

590 1918 605 1940 1
637 1918 787 1968 configi
810 1918 919 1956 lan:
961 1916 1134 1966 configit
1157 1915 1218 1954 B:
1260 1914 1408 1954 confici
1430 1915 1513 1953 rell.

363 2052 381 2071 ⁰
410 2046 577 2085 Named
599 2045 741 2091 Cleon,
765 2058 790 2083 a
813 2044 989 2083 Theban
1011 2047 1124 2094 poet.
1187 2041 1388 2081 Athenae.
1414 2041 1448 2082 Ι.
1476 2040 1568 2080 19b.

367 2101 381 2125 ὓ
410 2101 485 2138 I.e.
513 2100 585 2138 the
611 2103 753 2137 statue
779 2097 1028 2137 afterwards
1053 2096 1241 2136 restored
1270 2096 1341 2134 the
1367 2095 1534 2146 deposit
1559 2093 1778 2133 entrusted

309 2160 354 2194 to
373 2155 420 2192 it.

363 2214 376 2231 ⁶
408 2209 450 2246 It
473 2206 506 2244 is
531 2219 625 2244 now
649 2205 802 2243 known
829 2204 925 2242 that
951 2204 1001 2242 he
1029 2216 1113 2241 was
1144 2202 1216 2240 the
1244 2214 1360 2240 same
1385 2213 1432 2240 as
1460 2201 1505 2239 P.
1535 2201 1584 2239 of
1606 2200 1778 2250 Reggio.

314 2261 435 2299 Paus.
462 2259 533 2298 VI.
555 2262 592 2304 4,
615 2260 695 2297 3-4
717 2258 854 2296 shows
879 2258 975 2296 that
999 2257 1045 2295 P.
1070 2256 1118 2294 of
1138 2256 1297 2306 Reggio
1321 2268 1406 2293 was
1428 2253 1502 2292 the
1525 2253 1715 2304 sculptor
1737 2253 1785 2291 of

311 2315 383 2353 the
400 2318 541 2351 statue
558 2313 605 2351 of
621 2312 873 2362 Euthynos;
913 2311 991 2350 but
1012 2323 1072 2348 we
1089 2310 1197 2348 have
1216 2309 1289 2347 the
1310 2308 1423 2346 basis
1443 2307 1490 2346 of
1506 2307 1603 2346 that
1623 2311 1777 2351 statue,

311 2368 504 2406 whereon
538 2367 581 2404 P.
614 2366 727 2416 signs
760 2364 931 2403 himself
957 2377 1003 2402 as
1036 2364 1044 2378 ‘
1065 2362 1267 2403 Samian.’
1329 2362 1392 2400 He
1425 2366 1540 2399 must
1571 2360 1779 2399 therefore

312 2422 419 2460 have
443 2419 650 2470 migrated
673 2424 720 2457 to
744 2418 916 2469 Reggio.

364 2473 382 2497 ‘¹
415 2473 423 2487 ‘
441 2470 797 2524 Apoxyomenos)
851 2472 939 2510 The
957 2469 1152 2520 example
1170 2470 1212 2507 in
1228 2469 1303 2507 the
1322 2469 1503 2507 Vatican
1521 2467 1554 2505 is
1573 2466 1777 2518 probably

319 2530 370 2579 by
394 2541 416 2565 a
440 2529 510 2566 :ivd
539 2531 717 2573 venturi·
740 2526 879 2563 artist.

239 2619 316 2660 ¹72
