1899 3015
251 1270 299 1307 723

585 201 826 247 PLINY:
884 200 1211 246 NATURAL
1255 199 1547 246 HISTORY

332 328 563 374 anhelare
593 331 851 374 sentiatur.
922 326 1187 372 laudantur
1216 333 1268 372 et
1297 327 1494 372 Aeneas
1524 326 1798 389 Castorque

332 413 386 441 ac
420 394 592 440 Pollux
623 398 670 439 in
704 395 879 439 eadem
912 393 1099 447 tabula,
1125 396 1245 438 item
1277 392 1542 454 Telephus,
1568 391 1799 447 Achilles,

334 464 696 524 Agamemnon,
754 461 940 507 Ulixes.
1010 460 1251 505 fecundus
1307 458 1505 513 artifex,
1560 459 1648 506 sed
1702 476 1800 522 quo

335 546 478 574 nemo
520 528 810 573 insolentius
853 544 968 572 usus
1011 530 1073 572 sit
1116 527 1270 588 gloria
1313 529 1447 579 artis,
1491 542 1705 588 namque
1749 534 1800 572 et

332 598 625 657 cognomina
674 597 928 655 usurpavit
977 593 1354 639 habrodiaetum
1404 608 1456 638 se
1506 592 1800 654 appellando

333 662 537 723 aliisque
571 662 790 706 versibus
823 663 1094 722 principem
1129 663 1245 704 artis
1280 666 1332 705 et
1366 675 1475 704 eam
1510 660 1572 705 ab
1604 675 1656 704 se
1689 675 1800 705 con-

332 735 648 782 summatam,
673 744 820 789 super
844 730 1008 773 omnia
1032 726 1271 787 Apollinis
1297 742 1348 771 se
1373 726 1536 771 radice
1560 732 1724 772 ortum
1749 733 1801 772 et

334 795 617 849 Herculem,
646 797 729 856 qui
758 800 835 839 est
863 793 1024 847 Lindi,
1053 793 1206 839 talem
1235 809 1262 837 a
1289 809 1341 838 se
1369 795 1575 854 pictum,
1603 793 1800 854 qualem

278 880 285 886 ·
332 878 480 923 saepe
511 865 560 906 in
590 864 760 923 quiete
791 860 1020 914 vidisset3
1073 867 1125 906 et
1157 877 1268 906 cum
1290 859 1305 887 1
1337 862 1529 921 magnis
1559 858 1800 921 suffragiis

333 935 594 990 superatus
631 944 659 973 a
693 926 958 972 Timanthe
997 926 1166 972 esset2
1203 925 1334 971 Sami
1372 929 1420 971 in
1458 926 1609 971 Aiace
1646 942 1799 972 armo-

334 1011 541 1057 rumque
594 995 789 1048 iudicio,
841 993 1002 1039 herois
1055 995 1254 1039 nomine
1306 1008 1358 1038 se
1411 992 1620 1038 moleste
1673 991 1801 1038 ferre

334 1063 550 1116 dicebat,
603 1061 736 1123 quod
788 1063 969 1105 iterum
1022 1060 1085 1105 ab
1136 1060 1341 1121 indigno
1392 1062 1550 1105 victus
1604 1066 1800 1105 esset—-

336 1128 502 1173 Pinxit
559 1135 610 1173 et
665 1128 935 1172 minoribus
988 1125 1184 1172 tabellis
1227 1126 1473 1180 libidines,
1517 1142 1575 1172 eo
1616 1141 1801 1188 genere

334 1195 605 1257 petulantis
642 1197 732 1239 ioci
769 1210 821 1239 se
857 1193 1122 1239 reficiens.3

398 1261 524 1306 Nam
583 1260 858 1306 Timanthis
918 1259 996 1305 vel
1054 1259 1319 1321 plurimum
1380 1257 1542 1304 adfuit
1599 1261 1798 1321 ingenii.

335 1332 438 1374 eius
465 1331 595 1373 enim
621 1335 697 1373 est
724 1326 983 1389 Iphigenia
1007 1333 1258 1372 oratorum
1282 1325 1509 1371 laudibus
1534 1325 1801 1379 celebrata,

335 1411 432 1457 qua
467 1401 633 1440 stante
670 1394 731 1439 ad
767 1410 874 1439 aras
910 1396 1131 1455 peritura
1165 1409 1276 1438 cum
1311 1399 1526 1437 maestos
1562 1394 1802 1453 pinxisset

335 1478 503 1507 omnes
551 1464 917 1523 praecipueque
960 1467 1193 1521 patruum
1236 1466 1287 1504 et
1329 1461 1562 1505 tristitiae
1604 1475 1801 1504 omnem

336 1531 604 1590 imaginem
626 1530 1027 1589 consumpsisset,
1049 1529 1202 1588 patris
1224 1529 1374 1587 ipsius
1396 1525 1584 1571 voltum
1605 1525 1802 1580 velavit,

335 1611 484 1657 quem
528 1595 677 1656 digne
722 1611 819 1640 non
863 1600 1062 1655 poterat
1106 1593 1385 1638 ostendere.
1454 1599 1570 1638 sunt
1615 1599 1666 1638 et
1709 1592 1803 1637 alia

335 1664 519 1723 ingenii
567 1665 669 1706 eius
717 1660 963 1721 exempla,
1009 1659 1161 1705 veluti
1208 1659 1416 1722 Cyclops
1462 1659 1709 1705 dormiens
1754 1661 1802 1703 in

336 1728 533 1790 parvola
556 1727 757 1781 tabella,
781 1730 917 1773 cuius
941 1734 993 1772 et
1016 1729 1082 1772 sic
1104 1726 1501 1788 magnitudinem
1526 1728 1803 1787 exprimere

335 1798 536 1857 cupiens
580 1798 741 1857 pinxit
785 1798 925 1840 iuxta
969 1793 1170 1856 Satyros
1214 1793 1384 1856 thyrso
1428 1792 1655 1854 pollicem
1700 1795 1802 1837 eius

400 1902 413 1924 ¹
443 1906 487 1940 et
511 1904 561 1940 esi
587 1903 650 1951 (z
676 1903 790 1948 cum)
813 1900 1021 1950 Mayhoss:
1059 1912 1167 1951 ergO.

399 1955 413 1978 ²
441 1955 668 1993 Timanthe
688 1959 797 1992 esset
819 1954 1029 2005 Mayhoff:
1058 1952 1357 1992 timanthesest
1377 1952 1457 1992 Blz
1485 1951 1696 1991 timanthe
1714 1954 1800 2002 (aut

342 2009 565 2055 thimante)
588 2013 652 2046 est
672 2007 757 2046 cdd.

398 2063 413 2085 ³
443 2062 583 2113 pinxit
605 2092 613 2100 .
638 2092 646 2100 .
672 2092 680 2100 .
703 2060 891 2099 reficiens
912 2066 1004 2109 post
1025 2059 1172 2098 Ulixes
1196 2061 1242 2098 71
1268 2064 1426 2108 transp.
1457 2057 1632 2097 Urlichs.

390 2216 407 2234 ⁰
436 2210 632 2260 Showing
654 2209 726 2248 the
756 2209 923 2259 heavling
952 2208 1000 2246 of
1023 2208 1233 2259 Telephus
1262 2208 1319 2258 by
1347 2211 1439 2245 rust
1467 2206 1575 2245 from
1605 2206 1801 2245 Achilles'

333 2263 482 2309 sword,
502 2263 605 2301 with
623 2263 916 2313 Agamemnon
935 2261 1019 2299 and
1040 2262 1253 2311 odysseus
1269 2260 1441 2310 looking
1460 2272 1528 2298 on.

392 2317 406 2341 ὸ
437 2316 572 2355 When
586 2316 658 2354 the
673 2329 785 2354 arms
800 2316 847 2354 of
857 2315 965 2353 dead
980 2315 1165 2354 Achilles
1180 2327 1285 2352 were
1300 2313 1496 2352 awarded
1510 2319 1556 2352 to
1573 2312 1800 2363 Odysseus,

334 2371 444 2420 Ajax
473 2370 643 2408 became
670 2369 768 2407 mad
795 2369 879 2407 and
905 2373 950 2407 at
977 2368 1098 2419 night
1123 2367 1427 2418 unknowingly
1453 2366 1582 2405 killed
1608 2366 1735 2418 sheep
1761 2367 1801 2403 in

335 2424 406 2462 the
428 2423 556 2462 belief
572 2423 668 2461 that
689 2423 740 2461 he
761 2436 845 2460 was
866 2422 1012 2472 killing
1034 2421 1096 2460 his
1116 2422 1311 2460 enemies.

390 2483 404 2501 ⁰
433 2477 521 2527 E'.9.
543 2476 698 2521 Cicero‚
720 2476 780 2515 De
801 2476 964 2514 Oratore
985 2477 1048 2513 74.

393 2530 410 2553 ‘¹
439 2531 474 2568 A
495 2531 657 2581 picture
679 2529 811 2568 found
832 2534 877 2567 at
899 2528 1088 2579 Pompeii
1109 2540 1208 2578 may
1230 2527 1280 2565 be
1300 2540 1324 2565 a
1345 2539 1452 2577 copy
1474 2525 1522 2565 of
1537 2525 1635 2565 this.

333 2620 420 2665 314
