1873 3020
194 517 245 554 22

194 1872 245 1909 24

531 185 737 231 PLINY
756 201 766 230 ι
819 183 1148 230 NATURAL
1194 182 1488 230 HISTORY

277 314 369 359 fuit
406 321 459 359 et
495 313 789 358 Hermodori
826 311 1027 373 Ephesii
1064 314 1113 356 in
1149 314 1367 365 comitio,
1402 310 1588 373 legum,
1622 327 1744 373 quas

275 411 538 457 decemviri
594 410 896 464 scribebant,
951 411 1256 470 interpretis,
1311 407 1507 469 publice
1561 407 1743 454 dicata.

275 508 369 553 alia
387 524 554 562 causa,
572 507 667 552 alia
685 509 955 553 auctoritas
977 505 1050 551 M.
1072 505 1249 551 Horati
1267 504 1466 551 Coclitis
1483 512 1746 552 statuae—

277 621 405 667 quae
434 605 583 651 durat
611 604 940 666 hodieque—,
965 620 1077 649 cum
1106 602 1273 649 hostes
1303 619 1331 648 a
1361 609 1514 664 ponte
1543 602 1745 648 sublicio

276 702 405 748 solus
448 705 704 747 arcuisset.
773 700 1006 763 equidem
1050 707 1102 746 et
1145 699 1362 763 Sibyllae
1404 703 1547 746 iuxta
1587 707 1746 746 rostra

277 815 384 845 esse
422 816 518 845 non
557 802 721 853 miror,
759 805 860 844 tres
898 801 997 844 sint
1033 797 1177 843 licet:
1232 814 1332 843 una
1373 814 1524 860 quam
1564 796 1745 844 Sextus

278 896 485 942 Pacuius
541 896 730 941 Taurus
789 895 897 941 aed.
956 895 1021 957 pl.
1081 894 1368 949 restituit13
1437 895 1567 941 duae
1624 911 1745 958 quas

281 993 352 1039 M.
403 993 657 1039 Messalla.
727 996 908 1055 primas
949 999 1181 1054 putarem
1227 992 1316 1038 has
1358 999 1411 1038 et
1451 992 1562 1038 Atti
1603 991 1746 1048 Navi,

277 1094 462 1152 positas
491 1097 663 1136 aetate
690 1090 943 1152 Tarquinii
972 1089 1139 1144 Prisci,
1167 1092 1216 1135 ni
1244 1106 1419 1153 regum
1446 1089 1746 1136 anteceden-

276 1191 402 1233 tium
432 1195 599 1233 essent
627 1190 677 1233 in
706 1187 970 1250 Capitolio,
1000 1203 1062 1233 ex
1092 1190 1149 1233 iis
1179 1186 1374 1233 Romuli
1404 1194 1456 1234 et
1483 1187 1614 1234 Tatii
1640 1190 1745 1233 sine

276 1288 462 1340 tunica,
499 1288 626 1331 sicut
664 1292 716 1330 et
753 1284 947 1330 Camilli
984 1287 1034 1330 in
1071 1288 1255 1331 rostris.
1324 1291 1376 1330 et
1413 1291 1531 1331 ante
1568 1285 1746 1331 aedem

276 1380 538 1428 Castorum
577 1381 674 1427 fuit
713 1381 773 1439 Q.
817 1382 976 1427 Marci
1013 1382 1231 1427 Tremuli
1270 1385 1513 1444 equestris
1552 1389 1745 1445 togata,

277 1481 360 1540 qui
389 1478 638 1525 Samnites
668 1479 742 1524 bis
772 1479 1026 1525 devicerat
1053 1486 1304 1542 captaque
1334 1479 1565 1543 Anagnia
1592 1497 1746 1542 popu-

276 1574 378 1621 lum
410 1576 659 1637 stipendio
690 1575 1006 1622 liberaverat.
1074 1579 1204 1623 inter
1234 1580 1600 1640 antiquissimas
1629 1585 1746 1624 sunt

277 1679 330 1718 et
364 1672 490 1718 Tulli
528 1673 699 1728 Cloeli,
737 1673 792 1718 L.
832 1673 992 1729 Rosci,
1027 1673 1109 1736 Sp.
1149 1673 1344 1730 Nauti,2
1381 1674 1434 1721 C.
1473 1674 1660 1721 Fulcini
1695 1678 1744 1721 in

276 1773 462 1824 rostris,
509 1787 537 1815 a
586 1770 909 1816 Fidenatibus
957 1774 1006 1816 in
1053 1771 1304 1833 legatione
1351 1771 1743 1819 interfectorum.

276 1865 367 1912 hoc
393 1883 421 1912 a
448 1883 501 1913 re
528 1884 575 1929 p.
605 1868 756 1913 tribui
783 1867 978 1914 solebat
1003 1871 1180 1914 iniuria
1205 1872 1379 1925 caesis,
1405 1872 1533 1916 sicut
1559 1870 1663 1916 aliis
1692 1877 1745 1917 et

278 1962 330 2008 P.
372 1964 531 2019 Iunio,
568 1965 640 2010 Ti.
680 1964 1006 2020 Coruncanio,
1045 1969 1127 2028 qui
1165 1966 1228 2012 ab
1265 1966 1427 2013 Teuta
1466 1967 1743 2030 Illyriorum

277 2064 448 2122 regina
492 2061 744 2108 interfecti
790 2070 949 2108 erant.
1017 2080 1114 2109 non
1157 2064 1490 2110 omittendum
1532 2065 1744 2120 videtur,

277 2157 408 2220 quod
440 2158 644 2204 annales
677 2159 999 2215 adnotavere,
1031 2160 1350 2223 tripedaneas
1382 2164 1438 2208 iis
1469 2169 1662 2209 statuas
1693 2165 1743 2208 in

451 2260 465 2283 ¹
504 2260 577 2299 V.l.
601 2261 801 2300 instituit.

447 2313 461 2336 ²
492 2314 626 2351 nautii
656 2315 716 2352 B:
762 2315 877 2352 Antii
905 2313 1126 2354 Caesarius
1151 2317 1238 2355 coll.
1267 2316 1355 2355 Liv.
1384 2315 1525 2356 IV.l7.

333 2424 351 2442 ⁰
378 2419 453 2459 I.e.
478 2419 627 2459 Castor
649 2421 733 2459 and
757 2421 907 2460 Pollux
927 2438 935 2461 :
976 2422 1202 2461 Suetonius
1224 2425 1391 2463 records
1414 2424 1526 2473 (Div.
1547 2424 1648 2472 Iul„
1676 2427 1740 2474 10)

279 2473 375 2511 that
401 2474 435 2512 it
460 2487 545 2512 was
572 2475 794 2514 dedicated
821 2480 866 2514 to
895 2476 1012 2522 both,
1042 2477 1120 2515 but
1146 2477 1313 2529 usually
1339 2478 1498 2530 spoken
1525 2478 1574 2518 of
1594 2491 1640 2518 as
1666 2479 1740 2519 the

277 2527 448 2578 Temple
470 2528 517 2565 of
533 2528 693 2568 Castor.

282 2597 366 2646 144
