1899 3015
580 217 821 267 PLINY:
882 218 1210 266 NATURAL
1252 217 1547 266 HISTORY

335 365 477 395 cerae
530 349 594 402 x‚1
647 348 738 394 olei
792 351 1049 393 sextarius.
1119 346 1191 392 his
1244 347 1469 401 adicitur,
1520 363 1631 392 cum
1683 354 1800 393 sunt

337 415 649 477 repurganda
671 414 868 460 volnera
890 421 976 459 aut
997 413 1250 475 replenda,
1271 420 1508 459 ceratum.

231 489 303 528 1ῶῦ
402 482 605 528 XLVII.
642 481 877 543 Sequitur
897 488 1073 525 natura
1095 480 1300 541 plumbi,
1321 483 1458 525 cuius
1479 480 1577 526 duo
1597 495 1798 542 genera,

338 553 530 611 nigrum
579 556 730 610 atque
776 548 1055 593 candidum.
1124 550 1531 608 pretiosissimum
1576 547 1664 591 in2
1708 545 1800 591 hoc

336 616 616 663 candidum.
669 615 868 660 Graecis
920 613 1225 675 appellatum
1275 616 1563 658 cassiterum
1613 612 1799 658 fabulo-

337 699 488 743 sequc
520 689 771 726 narratum
799 684 846 726 in
875 681 1056 725 insulas
1085 680 1322 725 Atlantici
1352 683 1497 724 maris
1525 683 1628 741 peti
1658 679 1800 724 vitili-

337 750 527 810 busque
572 751 774 811 navigiis
820 755 871 792 et
907 750 1212 792 circumsutis
1249 749 1377 792 corio
1414 745 1604 792 advehi.
1673 761 1802 791 nunc

337 823 525 861 certum
557 822 632 860 est
658 818 707 859 in
737 814 991 859 Lusitania
1017 816 1153 876 gigni
1181 820 1233 858 et
1259 817 1307 858 in
1336 813 1585 859 Gallaecia
1610 829 1802 857 summa

231 890 302 927 157
339 883 532 933 tellure,
569 881 810 927 harenosa
846 888 898 926 et
933 880 1103 926 coloris
1141 883 1279 942 nigri.
1349 880 1567 941 pondere
1604 886 1802 925 tantum

338 966 396 994 ea
440 948 856 1009 deprehenditur3
917 950 1253 992 interveniunt
1298 953 1350 991 et
1393 949 1569 991 minuti
1614 945 1801 1000 calculi,

338 1019 553 1061 maxime
607 1015 909 1060 torrentibus
962 1017 1167 1058 siccatis.
1237 1013 1403 1058 lavant
1458 1029 1540 1058 eas
1593 1012 1800 1058 harenas

338 1082 571 1128 metallici
617 1089 685 1135 et,
731 1081 862 1142 quod
907 1081 1146 1133 subsedit,
1191 1086 1369 1125 cocunt
1412 1082 1462 1124 in
1507 1078 1799 1125 fornacibus.

339 1152 587 1194 invenitur
613 1155 665 1194 et
684 1151 733 1193 in
755 1150 954 1193 aurariis
975 1147 1204 1200 metallis,
1226 1163 1353 1208 quae
1380 1146 1555 1191 alutias
1572 1146 1590 1174 3
1610 1153 1803 1200 vocant,

339 1232 468 1277 aqua
488 1218 703 1260 immissa
725 1214 924 1260 eluente
945 1213 1153 1259 calculos
1174 1216 1336 1275 nigros
1358 1213 1576 1274 paullum
1593 1213 1804 1258 candore

340 1286 568 1336 variatos,
604 1282 780 1343 quibus
816 1281 990 1326 eadem
1025 1283 1240 1342 gravitas
1277 1296 1404 1341 quae
1439 1296 1573 1333 auro,
1608 1287 1659 1325 et
1693 1279 1803 1325 ideo

340 1352 387 1393 in
407 1349 580 1394 catillis
598 1347 617 1375 4
639 1349 814 1409 quibus
836 1364 1008 1392 aurum
1027 1347 1289 1409 colligitur,
1308 1363 1420 1391 cum
1440 1363 1498 1392 eo
1516 1353 1804 1400 remanent3

340 1423 513 1477 postea
551 1417 752 1460 caminis
791 1420 1084 1476 separantur
1121 1412 1420 1474 conflatique
1459 1416 1508 1458 in
1545 1412 1803 1474 plumbum

232 1488 306 1527 158
340 1482 505 1527 album
528 1482 851 1527 resolvuntur.
919 1497 1016 1526 non
1039 1480 1094 1525 fit
1115 1483 1163 1524 in
1187 1480 1436 1526 Gallaecia
1458 1483 1669 1542 nigrum,
1691 1496 1803 1525 cum

342 1552 496 1593 vicina
524 1549 792 1594 Cantabria
820 1550 959 1610 nigro
988 1554 1184 1592 tantum
1215 1547 1454 1600 abundet,
1482 1562 1573 1592 nec
1601 1562 1663 1591 ex
1692 1546 1803 1592 albo

341 1622 622 1677 argentum,
653 1632 766 1660 cum
798 1615 885 1660 fiat
918 1630 978 1659 ex
1012 1617 1165 1676 nigro.
1235 1616 1371 1675 iungi
1403 1616 1533 1658 inter
1563 1629 1615 1658 se
1647 1613 1805 1674 plum—

342 1683 459 1727 bum
484 1686 679 1744 nigrum
702 1685 806 1726 sine
831 1681 941 1726 albo
964 1698 1061 1726 non
1084 1687 1252 1741 potest
1275 1696 1365 1725 nec
1387 1679 1479 1725 hoc
1503 1682 1546 1724 ei
1569 1682 1674 1725 sine
1697 1679 1804 1725 oleo

341 1765 396 1793 ac
449 1765 510 1793 ne
565 1749 730 1794 album
784 1747 984 1809 quidem
1038 1764 1204 1793 secum
1258 1750 1361 1791 sine
1415 1749 1568 1808 nigro.
1638 1746 1803 1791 album

342 1815 515 1860 habuit
574 1818 924 1860 auctoritatem
985 1821 1035 1859 et
1094 1814 1252 1859 iliacis
1310 1814 1615 1875 temporibus
1671 1820 1804 1858 teste

235 1887 306 1925 159
343 1883 576 1936 Homero,
613 1885 903 1927 cassiterum
948 1882 1010 1926 ab
1054 1880 1133 1926 illo
1176 1881 1380 1926 dictum.
1448 1879 1634 1942 plumbi
1679 1883 1802 1942 nigri

401 2030 414 2052 ¹
446 2040 474 2067 x
504 2028 718 2078 Mayhoff:
766 2039 824 2066 XL
850 2028 934 2066 B1:
981 2038 1029 2066 xt
1057 2027 1136 2066 B²z
1183 2041 1234 2065 ex
1261 2032 1332 2066 aut
1359 2040 1431 2065 sex
1458 2027 1540 2065 rell.

403 2082 417 2104 ²
446 2083 487 2120 in
514 2082 606 2120 add.
637 2081 838 2131 Mayhoff.

400 2136 415 2158 ³
444 2136 600 2174 alutias
619 2136 679 2173 B:
713 2135 848 2173 alutia
867 2139 938 2172 aut
960 2134 1078 2172 aluta
1098 2133 1180 2172 rell.

400 2189 416 2210 ⁴¹
445 2189 598 2227 catillis
630 2189 934 2239 ll'arminqton:
979 2187 1155 2225 scutulis
1185 2186 1372 2226 Urlichs:
1417 2186 1594 2225 calathis
1619 2185 1678 2225 cd.
1704 2186 1799 2225 Par.

345 2243 445 2281 6801
474 2245 602 2281 recte?
623 2257 631 2281 :
674 2242 823 2281 calatis
845 2247 916 2280 aut
940 2241 1088 2280 colatis
1111 2247 1181 2280 aut
1205 2240 1356 2279 cloacis
1380 2240 1463 2279 rell.
1489 2239 1658 2289 (eutalis
1681 2239 1750 2289 B).

391 2407 407 2423 ‘¹
439 2401 599 2451 Pliuy's
624 2400 632 2416 ‘
655 2399 778 2439 black
803 2400 897 2438 lead
917 2400 925 2415 ’
952 2400 985 2438 is
1010 2399 1117 2445 lead,
1143 2399 1228 2437 and
1253 2399 1315 2437 his
1341 2399 1349 2414 ‘
1371 2398 1496 2437 white
1520 2398 1614 2437 lead
1634 2399 1642 2414 '
1668 2399 1701 2437 is
1725 2399 1801 2437 tin.

338 2455 510 2492 Neithor
537 2459 651 2492 must
678 2454 727 2492 be
752 2453 956 2492 confused
981 2453 1083 2491 with
1109 2452 1181 2491 the
1207 2452 1216 2468 ‘
1239 2452 1361 2491 black
1388 2452 1482 2491 lead
1502 2451 1510 2466 ’
1537 2452 1622 2490 and
1647 2451 1656 2466 ‘
1678 2451 1803 2490 white

338 2508 428 2546 lead
450 2508 457 2522 '
481 2509 528 2545 of
545 2507 719 2545 modern
741 2520 880 2557 usage.

395 2562 409 2585 ὁ
440 2561 510 2605 Or,
532 2561 566 2598 if
584 2574 644 2599 we
666 2560 766 2599 read
786 2559 972 2604 calathis,
994 2558 1003 2574 ‘
1020 2558 1218 2598 baskets.'

341 2651 425 2692 240
