1899 3015
228 429 302 468 144

227 1028 300 1067 145

227 1828 300 1865 146

585 226 827 276 PLINY:
885 228 1215 277 NATURAL
1258 229 1552 278 HISTORY

334 363 455 410 tem,
514 357 756 402 officinam
813 356 1008 403 fullonis
1066 361 1394 419 quinquatrus
1450 358 1804 413 celebrantem,

333 423 565 484 idemque
620 423 872 469 Nemesim
921 427 1191 486 egregiam,
1233 421 1495 471 Theorus1
1535 440 1588 471 se
1630 428 1803 488 inung-

335 489 544 543 entem,2
590 490 724 536 idem
783 491 845 535 ab
903 490 1083 537 Oreste
1136 498 1349 536 matrem
1403 498 1456 537 et
1501 491 1800 554 Aegisthum

334 556 560 611 interfici,
599 557 885 618 bellumque
928 557 1132 603 Iliacum
1172 557 1393 618 pluribus
1431 558 1631 613 tabulis,
1671 559 1804 620 quod

334 630 411 668 est
455 623 641 668 Romae
685 627 735 668 in
780 621 992 685 Philippi
1036 625 1322 686 porticibus,
1367 631 1419 670 et
1462 624 1804 680 Cassandram,

333 705 461 751 quae
501 697 577 735 est
613 693 663 735 in
701 690 1003 736 Concordiae
1041 691 1264 745 delubro,
1303 691 1570 737 Leontium
1607 692 1804 753 Epicuri

332 759 654 818 cogitantem,
725 757 1040 803 Demetrium
1119 773 1306 819 regem,
1374 757 1546 803 Theon
1615 758 1804 805 Orestis

333 826 590 877 insaniam,
626 822 926 886 Thamyram
962 823 1321 878 citharoedum,
1356 824 1616 870 Tauriscus
1651 825 1804 872 disco—

334 890 519 944 bolum,
547 890 982 953 Clytaemestram,
1013 889 1269 945 Paniscon,
1299 889 1564 954 Polynicen
1592 907 1802 955 regnum

334 963 651 1018 repetentem
691 963 743 1002 et
781 957 1028 1019 Capanea.

400 1022 510 1068 Non
574 1026 837 1069 omittetur
900 1027 1030 1069 inter
1093 1023 1180 1069 hos
1231 1027 1436 1104 jnsigne
1501 1024 1801 1086 exemplum.

335 1106 550 1151 namque
587 1091 849 1152 Erigonus,
886 1094 1030 1136 tritor
1071 1090 1288 1136 colorum
1331 1090 1545 1136 Nealcae
1587 1094 1803 1152 pictoris,

334 1159 384 1201 in
432 1163 632 1202 tantum
680 1160 784 1219 ipse
833 1157 1060 1218 profecit,
1109 1164 1165 1203 ut
1213 1157 1459 1203 celebrem
1510 1161 1662 1203 etiam
1709 1159 1804 1204 dis-

335 1223 553 1284 cipulum
592 1223 849 1286 reliquerit
889 1223 1100 1278 Pasiam,
1140 1223 1345 1269 fratrem
1386 1225 1667 1286 Aeginetae
1706 1228 1804 1287 pic-

335 1290 492 1335 toriS.3
558 1289 678 1336 illud
740 1307 855 1336 vero
918 1307 1160 1352 perquam
1223 1307 1386 1336 rarum
1450 1307 1506 1336 ac
1567 1295 1805 1337 memoria

333 1357 539 1417 dignum
569 1364 661 1411 est,
690 1373 922 1419 suprema
950 1374 1101 1419 opera
1129 1358 1372 1403 artificum
1401 1357 1802 1420 inperfectasque

333 1423 545 1477 tabulas,
577 1427 703 1469 sicut
735 1424 852 1469 Irim
883 1424 1131 1478 Aristidis,
1160 1424 1468 1487 Tyndaridas
1501 1424 1802 1479 Nicomachi,

336 1489 560 1535 Mediam
615 1490 917 1536 Timomachi
976 1498 1028 1536 et
1083 1507 1233 1552 quam
1289 1491 1501 1536 diximus
1558 1491 1802 1537 Venerem

333 1556 537 1618 Apellis,
572 1559 622 1602 in
656 1561 840 1603 maiore
877 1557 1202 1603 admiratione
1239 1574 1345 1603 esse
1381 1574 1530 1619 quam
1564 1557 1803 1620 perfecta,

334 1626 517 1684 quippe
541 1626 590 1668 in
612 1626 668 1669 iis
692 1624 981 1669 liniamenta
1004 1624 1193 1685 reliqna
1215 1627 1452 1686 ipsaeque
1475 1628 1803 1687 cogitationes

335 1690 578 1735 artificum
624 1698 931 1751 spectantur,
978 1698 1130 1752 atque
1176 1694 1225 1736 in
1270 1691 1512 1737 lenocinio
1557 1708 1803 1737 commen-

334 1757 546 1802 dationis
575 1757 712 1802 dolor
742 1765 818 1803 est
846 1774 1038 1812 manus,
1067 1774 1179 1803 curn
1208 1758 1257 1803 id
1287 1764 1479 1821 ageret,
1510 1761 1800 1804 exstinctae.

399 1823 524 1868 Sunt
568 1826 843 1870 etiamnum
886 1841 982 1870 non
1027 1824 1267 1886 ignobiles
1312 1824 1513 1886 quidem
1556 1828 1605 1870 in
1647 1831 1802 1870 trans—

333 1906 476 1936 cursu
500 1896 670 1935 tamen
694 1891 888 1936 dicendi
913 1891 1250 1954 Aristocydes,
1274 1891 1593 1946 Anaxander,
1617 1892 1802 1937 Aristo-

332 1956 475 2002 bulus
515 1956 681 2020 Syrus,
722 1957 1003 2004 Arcesilas4
1043 1958 1290 2004 Tisicratis
1331 1958 1473 2013 filius,
1513 1957 1804 2004 Coroebus5

399 2063 411 2085 ¹
451 2063 524 2102 VJ.
547 2063 805 2103 Theodorus.

394 2116 408 2139 2
438 2130 480 2155 se
502 2117 776 2168 inungentem
798 2118 934 2168 Sillzssq,
958 2117 1041 2156 Ian
1060 2135 1067 2158 :
1109 2122 1409 2169 emungentem
1431 2118 1469 2157 B
1487 2134 1495 2158 ε
1536 2122 1580 2157 et,
1601 2118 1802 2169 inungen-

338 2176 424 2208 tem
447 2176 518 2209 aut
541 2175 584 2209 et
608 2175 882 2222 mungentem
905 2172 988 2210 rell.

391 2224 406 2246 ³
437 2224 610 2274 pictoris
633 2224 837 2275 Detlefsen
857 2240 865 2264 ε
907 2225 1089 2275 pictores
1113 2224 1150 2262 B
1169 2240 1176 2263 :
1218 2224 1377 2263 fictoris
1400 2230 1472 2264 aut
1494 2224 1663 2264 fictores
1686 2225 1770 2264 rell.

394 2277 409 2299 ⁴²
437 2278 675 2316 Arcesilaus
696 2278 755 2317 cd.
779 2279 877 2317 Par.
902 2280 1003 2317 6801
1027 2293 1035 2316 :
1069 2278 1284 2317 arcesillas
1303 2279 1354 2317 B.

392 2329 407 2352 ⁵
437 2330 650 2369 Coroebus
678 2332 802 2370 Keil:
849 2332 1038 2383 Corybas
1067 2331 1151 2370 edd.
1185 2338 1302 2370 vett.:
1350 2331 1514 2370 corbios
1540 2336 1611 2370 aut
1639 2331 1804 2370 corbius

337 2389 407 2422 aut
429 2384 606 2423 cordius.

392 2496 409 2514 ‘³
439 2490 687 2531 Celebrated
715 2492 780 2530 for
811 2492 893 2532 five
927 2493 1045 2543 days,
1080 2492 1225 2531 March
1261 2490 1510 2538 19th-23rd,
1541 2491 1598 2542 by
1630 2504 1803 2543 persons

337 2544 475 2583 whose
500 2546 642 2584 trades
668 2559 773 2584 were
799 2546 932 2585 under
957 2546 1184 2584 Minerva's
1210 2550 1455 2597 patronage.
1514 2545 1602 2584 The
1627 2545 1800 2596 original

336 2598 552 2638 doubtless
574 2600 769 2650 depicted
790 2613 905 2638 some
927 2599 1093 2638 festival
1116 2599 1163 2637 of
1180 2599 1357 2639 Athene.

331 2655 420 2713 366
