1899 3015
587 204 830 250 PLINY:
888 203 1215 250 NATURAL
1258 203 1555 250 HISTORY

339 332 562 377 tantibus
594 330 798 393 Satyris,
830 329 1161 393 Scyllamque,
1193 346 1321 392 quae
1353 347 1482 376 nunc
1514 337 1590 376 est
1622 330 1808 376 Romae

343 402 392 443 in
424 397 612 458 templo
646 396 799 442 Pacis.
869 413 959 442 nee
992 396 1087 442 fuit
1119 397 1240 442 alius
1273 400 1322 441 in
1356 412 1415 442 ea
1446 404 1553 442 arte
1588 396 1808 442 velocior.

343 465 547 510 tradunt
573 480 788 525 namque
813 463 1104 509 conduxisse
1129 463 1436 525 pingendum
1461 464 1522 508 ab
1547 464 1811 516 Aristrato,

340 532 678 593 Sicyoniorum
704 538 934 593 tyranno,
960 531 1092 592 quod
1117 534 1155 575 is
1181 530 1397 575 faciebat
1421 529 1606 575 Telesti
1631 537 1811 591 poetae

341 601 704 643 monimentum
728 597 990 658 praefinito
1016 597 1113 651 die,
1138 600 1268 642 intra
1294 612 1443 658 quem
1471 603 1812 658 perageretur,

344 681 434 710 nec
461 664 619 710 multo
648 671 766 709 ante
795 667 1004 718 venisse,
1032 670 1244 726 tyranno
1272 666 1322 708 in
1350 679 1562 725 poenam
1592 679 1812 717 accenso,

342 734 610 794 paucisque
659 731 834 776 diebus
884 730 1148 775 absolvisse
1198 737 1250 775 et
1298 730 1556 775 celeritate
1607 736 1659 775 et
1706 736 1812 775 arte

237 805 311 845 110
342 801 479 844 mira.
563 797 840 858 Discipulos
899 796 1073 842 habuit
1140 797 1424 842 Aristonem
1490 795 1694 841 fratrem
1762 803 1814 842 et

342 864 635 911 Aristiden1
685 864 837 909 filium
887 871 939 909 et
986 862 1312 909 Philoxenum
1361 863 1628 916 Eretrium,
1676 865 1812 908 cuius

342 931 515 977 tabula
572 930 714 976 nullis
773 929 1110 992 postferenda,
1169 930 1444 976 Cassandro
1502 932 1604 990 regi
1664 931 1812 990 picta,

344 1001 589 1044 continuit
647 997 918 1043 Alexandri
977 996 1216 1059 proelium
1275 1013 1386 1042 cum
1446 996 1613 1042 Dario.
1682 996 1812 1041 idem

344 1067 505 1127 pinxit
542 1071 593 1109 et
630 1064 894 1118 lasciviam,
930 1067 979 1108 in
1016 1080 1114 1125 qua
1149 1070 1250 1109 tres
1287 1062 1435 1108 Sileni
1473 1065 1811 1108 comissantur.

344 1132 421 1178 hic
447 1131 757 1177 celeritatem
782 1133 1117 1192 praeceptoris
1144 1137 1342 1175 secutus
1367 1131 1614 1175 breviores
1641 1132 1813 1175 etiam-

345 1215 463 1244 num
495 1198 736 1260 quasdam
766 1201 990 1260 picturae
1022 1197 1395 1258 conpendiarias
1427 1199 1630 1241 invenit.

238 1271 307 1309 111
407 1265 782 1310 Adnumeratur
815 1264 888 1310 his
925 1271 976 1309 et
1012 1263 1342 1325 Nicophanes,
1378 1262 1578 1325 elegans
1614 1278 1670 1307 ac
1703 1278 1814 1308 con-

345 1335 515 1377 cinnus
572 1334 659 1385 ita,
717 1338 774 1377 ut
830 1337 1094 1376 venustate
1153 1333 1197 1376 ei
1254 1332 1396 1392 pauci
1454 1336 1813 1391 conparentur3

344 1398 613 1445 cothurnus
658 1405 710 1443 et
751 1401 968 1460 gravitas
1013 1400 1130 1443 artis
1173 1397 1387 1442 multum
1430 1412 1458 1441 a
1501 1396 1720 1442 Zeuxide
1764 1402 1815 1441 et

345 1465 522 1527 Apelle
554 1466 711 1510 abest.
781 1464 969 1526 Apellis
1007 1463 1272 1526 discipulus
1309 1462 1536 1518 Perseus,
1573 1462 1635 1509 ad
1666 1478 1813 1524 quern

347 1533 409 1578 de
445 1531 537 1577 hac
575 1539 681 1577 arte
712 1534 921 1592 scripsit,
951 1530 1096 1577 huius
1126 1529 1291 1576 fuerat
1320 1532 1516 1576 aetatis.
1585 1529 1814 1575 Aristidis

344 1599 567 1644 Thebani
599 1598 822 1659 discipuli
853 1597 1056 1644 fuerunt
1086 1604 1139 1643 et
1169 1597 1252 1642 filii
1283 1597 1484 1642 Niceros
1515 1603 1567 1642 et
1597 1596 1814 1649 Ariston,

346 1669 482 1711 cuius
526 1673 601 1710 est
643 1664 848 1728 Satyrus
890 1681 1002 1710 cum
1043 1663 1229 1727 scypho
1270 1670 1550 1717 coronatus,
1591 1662 1813 1724 discipuli

347 1732 612 1778 Antorides
637 1733 654 1760 2
691 1739 742 1777 et
775 1731 1084 1793 Euphranor,
1117 1731 1179 1777 de
1213 1747 1310 1792 quo
1342 1747 1457 1776 mox
1489 1730 1724 1776 dicemus,

238 1805 311 1842 112
408 1798 666 1845 XXXVII.
706 1798 934 1860 Namque
953 1799 1153 1844 subtexi
1171 1814 1260 1859 par
1280 1804 1356 1843 est
1373 1799 1573 1842 minoris
1592 1799 1815 1857 picturae

348 1865 566 1912 celebres
630 1868 678 1910 in
743 1865 988 1927 penicillo,
1049 1881 1075 1910 e
1136 1865 1314 1927 quibus
1374 1863 1469 1909 fuit
1529 1861 1776 1908 Piraeicus
1798 1862 1816 1890 3

411 2013 424 2036 ²
464 2013 537 2052 121.
560 2013 827 2052 Aristoclem.

408 2067 422 2089 2
452 2066 732 2105 Antenorides
755 2067 963 2105 Letrcmne.

407 2121 421 2143 ³
453 2121 662 2158 Piraeicus
694 2120 803 2158 Ian:
856 2119 1058 2170 pirasicus
1092 2119 1154 2157 B:
1207 2119 1397 2169 praeicus
1429 2123 1500 2156 aut
1533 2116 1696 2168 preicus
1729 2116 1812 2155 rell.

354 2174 530 2224 (peritus
553 2173 611 2212 ccl.
636 2174 734 2211 Par.
760 2173 898 2221 6801).

477 2328 493 2345 ‘²
523 2322 610 2360 The
629 2334 829 2372 younger.
889 2319 951 2360 Cf.
973 2321 1046 2369 §98
1068 2320 1151 2358 and
1174 2323 1275 2358 note
1296 2331 1349 2358 on
1372 2332 1441 2370 pp.
1464 2320 1664 2357 410-411.

481 2375 495 2399 ὓ
525 2375 642 2426 King
663 2375 710 2413 of
730 2374 978 2413 Macedonia
1003 2375 1190 2413 306-297
1220 2385 1300 2412 13.c.

479 2435 492 2452 ⁶
521 2429 608 2467 The
628 2441 818 2479 younger
839 2427 1039 2466 confused
1062 2427 1164 2465 with
1186 2426 1258 2465 the
1278 2425 1404 2471 elder,
1428 2424 1471 2475 ἕξ
1494 2426 1556 2470 75,
1579 2425 1644 2469 98,
1671 2424 1758 2463 108.

482 2483 498 2504 ‘¹
530 2482 683 2533 Really
702 2481 842 2533 pupils
863 2481 910 2519 of
926 2481 997 2519 the
1018 2480 1132 2518 elder
1151 2479 1370 2518 Aristides.

483 2545 487 2549 ¹
522 2535 670 2586 Really
693 2535 835 2586 pupils
859 2534 906 2572 of
925 2533 997 2572 the
1021 2533 1134 2572 elder
1158 2532 1375 2572 Aristides.

346 2627 431 2671 342
