1873 3020
538 179 744 226 PLINY
764 197 774 226 z
829 180 1155 227 NATURAL
1202 181 1495 229 HISTORY

281 324 394 352 aere
428 311 476 352 in
508 311 687 369 cypriis
722 312 995 362 mortariis3
1043 317 1332 355 santernam
1367 317 1547 356 vocant
1580 313 1751 356 nostri.

280 408 348 449 ita
396 403 726 450 feruminatur
771 422 962 459 aurum,
1010 406 1142 468 quod
1188 414 1510 468 argentosum
1556 414 1751 453 vocant.

279 505 473 561 ⁴<ignum
514 509 606 554 est,
645 505 682 546 si
723 501 895 547 addita
933 510 1170 548 santerna
1210 507 1424 550 nitescit.
1494 520 1521 550 e
1559 504 1754 550 diverso

281 615 505 643 aerosum
559 599 809 644 contrahit
861 616 914 645 se
967 599 1340 662 hebetaturque
1393 607 1446 647 et
1491 601 1755 647 difficulter

281 694 624 740 feruminatur.
693 696 756 741 ad
799 696 847 742 id
890 697 1139 758 glutinum
1184 697 1240 743 fit
1281 714 1401 743 auro
1444 705 1497 744 et
1538 701 1752 760 septima

281 796 473 853 argenti
502 800 647 853 parte
675 793 736 838 ad
765 810 911 855 supra
941 794 1075 839 dicta
1103 794 1287 840 additis
1316 811 1516 857 unaque
1543 798 1690 841 tritis.

198 896 248 933 94
345 889 502 935 XXX.
541 889 856 953 Contexique
900 908 988 952 par
1031 898 1108 937 est
1149 891 1338 954 reliqua
1379 895 1506 938 circa
1547 891 1656 948 hoc,
1696 899 1753 938 ut

281 989 508 1032 universa
550 995 761 1033 naturae
801 992 1062 1050 contingat
1101 988 1379 1035 admiratio.
1447 1006 1567 1035 auro
1603 989 1752 1052 gluti-

279 1101 397 1128 num
444 1091 519 1130 est
564 1084 684 1139 tale,
729 1085 902 1147 argilla
947 1085 1094 1140 ferro,
1138 1086 1348 1132 cadmea
1392 1090 1518 1133 aeris
1562 1090 1751 1140 massis,

279 1180 476 1225 alumen
506 1181 700 1237 lamnis,
730 1186 891 1228 resina
920 1182 1124 1244 plumbo
1154 1190 1206 1229 et
1234 1187 1484 1238 marmori,
1512 1191 1566 1229 at
1593 1183 1750 1245 plum-

279 1278 396 1323 bum
423 1282 617 1339 nigrum
644 1279 756 1325 albo
776 1283 998 1342 iungitur
1023 1284 1286 1342 ipsumque
1312 1280 1480 1326 album
1506 1281 1598 1326 sibi
1624 1280 1750 1334 oleo,

280 1378 400 1420 item
427 1382 662 1437 stagnum
688 1381 1008 1431 aeramentis,
1034 1384 1214 1440 stagno
1239 1385 1521 1440 argentum.
1590 1381 1747 1440 pineis

276 1479 481 1533 optume
498 1473 641 1536 lignis
658 1490 741 1520 aes
758 1473 1045 1536 ferrumque
1061 1473 1303 1529 funditur,
1320 1474 1407 1520 sed
1425 1482 1477 1520 et
1495 1475 1749 1538 Aegyptio

275 1586 482 1632 papyro,
535 1570 689 1632 paleis
750 1588 940 1617 aurum.
1009 1571 1118 1618 calx
1177 1588 1307 1634 aqua
1358 1572 1647 1619 accenditur
1697 1579 1749 1618 et

274 1665 508 1712 Thracius
543 1668 685 1729 lapis,
720 1668 852 1714 idem
888 1668 997 1714 oleo
1033 1672 1377 1730 restinguitur,
1413 1673 1540 1732 ignis
1576 1676 1747 1715 autem

276 1761 419 1799 aceto
439 1758 656 1800 maxime
687 1762 738 1800 et
768 1759 897 1801 visco
920 1763 972 1801 et
993 1772 1098 1801 ovo.
1173 1763 1305 1801 terra
1326 1759 1529 1801 minime
1551 1755 1747 1818 flagrat,

272 1851 470 1896 carboni
507 1855 575 1897 vis
609 1855 764 1898 maior
797 1860 975 1898 exusto
1007 1856 1291 1915 iterumque
1325 1852 1574 1914 flagranti.

192 1954 243 1992 95
338 1947 522 1994 XXXI.
562 1949 641 1994 Ab
694 1948 766 1995 his
819 1953 1012 2012 argenti
1067 1949 1273 1995 metalla
1322 1949 1568 2004 dicantur,
1615 1967 1745 2012 quae

273 2061 485 2106 sequens
528 2049 719 2092 insania
762 2054 853 2092 est.
924 2064 1019 2092 non
1064 2050 1152 2092 nisi
1197 2050 1246 2091 in
1290 2051 1454 2108 puteis
1499 2051 1746 2109 reperitur

276 2142 508 2204 nullaque
527 2160 615 2204 spe
635 2147 706 2189 sui
729 2147 965 2198 nascitur,
985 2143 1146 2198 nullis,
1167 2151 1222 2189 ut
1241 2147 1290 2188 in
1310 2160 1446 2197 auro,
1466 2143 1745 2190 lucentibus

492 2324 512 2398 Z
539 2319 652 2386 {iere
673 2320 764 2356 zinc
787 2319 924 2357 oxide.
984 2319 1061 2358 See
1082 2319 1170 2358 also
1193 2320 1403 2360 XXXIV.
1429 2321 1519 2360 100.

494 2432 507 2449 ⁶
539 2373 825 2471 (ἑιι-Ιζῖαηηιιηι,
847 2439 901 2464 an
923 2426 1035 2476 alloy
1057 2426 1105 2465 of
1119 2426 1247 2464 silver
1267 2426 1350 2465 and
1370 2426 1478 2466 lead.

491 2478 509 2501 ‘¹
539 2478 755 2529 Probably
777 2479 938 2529 lignite.
