1899 3015
562 219 767 265 PLINY
787 235 797 265 :
852 218 1179 266 NATURAL
1225 218 1521 266 HISTORY

309 347 641 411 gladiatorum
657 349 1095 408 ministrorumque
1113 348 1333 391 omnium
1350 349 1473 391 veris
1489 347 1782 409 imaginibus

310 424 528 470 redditis.
599 424 675 469 hic
709 423 875 469 multis
919 427 1016 468 iam
1055 423 1260 469 saeculis
1302 439 1521 469 summus
1559 423 1781 469 animusl

311 505 358 547 in
395 504 604 563 pictura,
631 503 767 563 pingi
794 507 964 546 autem
990 500 1285 562 gladiatoria
1318 516 1525 545 munera
1549 507 1701 562 atque
1734 503 1782 546 in

312 578 505 640 publico
530 581 710 640 exponi
735 584 914 639 coepta
937 594 966 622 a
989 577 1042 623 C.
1068 577 1302 622 Terentio
1338 577 1553 623 Lucano.
1621 580 1661 623 is
1694 594 1784 623 avo

311 672 415 709 suo,
453 672 479 700 a
516 672 614 717 quo
652 655 920 717 adoptatus
957 654 1139 709 fuerat,
1176 657 1384 717 triginta
1419 656 1557 716 paria
1592 657 1642 700 in
1680 653 1784 701 foro

312 749 398 794 per
446 733 665 778 triduum
707 732 848 778 dedit
891 731 1215 794 tabulamque
1257 734 1443 793 pictam
1488 734 1538 777 in
1583 747 1784 778 nemore

313 811 505 855 Dianae
535 812 713 871 posuit.

227 897 278 933 53
375 887 604 932 XXXIV.
643 886 786 932 Nunc
818 885 1038 933 celebres
1071 889 1121 931 in
1155 902 1214 932 ea
1246 893 1354 931 arte
1387 902 1537 948 quam
1569 889 1786 932 maxima

312 965 558 1010 brevitate
588 980 889 1026 percurram,
918 979 1082 1025 neque
1113 966 1244 1009 enim
1273 965 1489 1009 instituti
1519 966 1680 1025 operis
1710 971 1786 1010 est

313 1041 423 1087 talis
444 1041 462 1069 2
495 1044 752 1094 executio;
801 1044 972 1103 itaque
1004 1041 1243 1103 quosdam
1277 1041 1352 1086 vel
1374 1041 1393 1069 3
1423 1043 1472 1086 in
1504 1047 1783 1087 transcursu

313 1126 365 1165 et
399 1122 447 1163 in
482 1118 688 1164 aliorum
722 1121 977 1164 mentione
1012 1119 1174 1164 obiter
1209 1121 1487 1164 nominasse
1521 1121 1640 1164 satis
1675 1121 1786 1173 erit,

313 1199 535 1258 exceptis
567 1212 773 1258 operum
804 1196 1113 1242 claritatibus
1145 1211 1274 1257 quae
1306 1202 1358 1241 et
1389 1198 1495 1258 ipsa
1525 1198 1787 1242 conveniet

313 1276 511 1335 attingi,
547 1276 648 1319 sive
685 1280 888 1319 exstant
923 1276 1024 1318 sive
1060 1272 1372 1319 intercidere.

229 1359 279 1397 54
377 1351 486 1396 Non
511 1357 707 1396 constat
731 1352 821 1396 sibi
846 1353 895 1396 in
919 1350 1010 1395 hac
1034 1357 1176 1412 parte
1202 1350 1505 1396 Graecorum
1528 1349 1787 1413 diligentia

314 1428 493 1474 multas
537 1435 649 1490 post
691 1428 999 1490 olumpiadas
1042 1427 1339 1474 celebrando
1382 1430 1594 1489 pictores
1638 1444 1785 1490 quam

314 1508 579 1551 statuarios
609 1522 665 1551 ac
693 1512 935 1559 toreutas,
964 1508 1279 1567 primumque
1308 1504 1591 1568 olympiade
1620 1520 1784 1559 Lxxxx,

313 1600 425 1628 cum
452 1590 504 1629 et
530 1581 739 1629 Phidian
765 1586 926 1644 ipsum
952 1585 1092 1628 initio
1118 1585 1359 1645 pictorem
1384 1581 1535 1627 fuisse
1561 1582 1787 1629 tradatur

314 1660 628 1722 clipeumque
681 1659 893 1706 Athenis
945 1661 1007 1705 ab
1060 1676 1118 1706 eo
1169 1662 1375 1721 pictum,
1427 1666 1689 1721 praeterea
1738 1663 1786 1705 in

314 1736 537 1783 confesso
558 1740 621 1783 sit
642 1753 763 1783 Lxxx
783 1740 935 1784 tertia
956 1736 1106 1783 fuisse
1127 1736 1333 1783 fratrem
1356 1739 1459 1782 eius
1482 1735 1787 1792 Panaenum,

315 1818 396 1877 qui
449 1815 663 1876 clipeum
715 1818 847 1860 intus
899 1817 1060 1876 pinxit
1112 1814 1255 1860 Elide
1310 1814 1586 1868 Minervae,
1637 1830 1784 1876 quarn

315 1891 503 1938 fecerat
535 1892 751 1946 Colotes,
783 1892 1050 1953 discipulus
1084 1890 1287 1937 Phidiae
1321 1898 1373 1937 et
1405 1894 1448 1937 ei
1480 1893 1529 1936 in
1561 1890 1787 1937 faciendo

231 1979 281 2013 55
318 1969 432 2015 Iove
482 1969 714 2032 Olympio
767 1969 976 2015 adiutor.
1047 1969 1199 2031 quid?
1267 1968 1399 2031 quod
1457 1971 1505 2013 in
1563 1968 1786 2014 confesso

315 2046 520 2108 perinde
560 2054 636 2092 est
674 2046 900 2092 Bularchi
940 2049 1138 2108 pictoris
1178 2046 1417 2100 tabulam,
1455 2048 1505 2090 in
1543 2062 1640 2108 qua
1679 2052 1786 2091 erat

319 2123 618 2186 Magnetum
678 2123 937 2185 proelium,
998 2140 1026 2168 a
1085 2123 1356 2175 Candaule,
1417 2138 1534 2186 rege
1595 2122 1785 2186 Lydiae

382 2221 393 2243 ¹
424 2221 612 2259 ambitus
635 2221 740 2259 coni.
768 2220 970 2271 Maykosf.

379 2274 393 2297 ²
423 2274 520 2312 talis
550 2275 600 2320 B,
631 2274 691 2313 cd.
723 2274 821 2312 Par.
854 2275 945 2313 Lat.
977 2275 1109 2313 6797:
1161 2273 1257 2312 iatis
1288 2273 1370 2312 rell.
1404 2273 1565 2324 (ampla
1594 2272 1653 2312 cd.
1686 2273 1784 2311 Par.

324 2328 750 2420 figgllleflxrgliiitoem·
780 2327 980 2378 Mayhoss.

365 2495 382 2513 ⁰
413 2489 626 2539 Probably
658 2493 734 2527 not
764 2488 860 2527 that
889 2488 937 2526 of
962 2488 1128 2527 Athene
1158 2487 1407 2533 Parthenos,
1437 2487 1572 2527 which
1603 2501 1700 2534 was,
1730 2500 1785 2527 on

315 2544 367 2581 its
389 2543 506 2581 inner
527 2543 628 2588 side,
652 2542 806 2581 carved
828 2543 869 2580 in
890 2542 1019 2581 relies.

312 2628 398 2671 300
