1899 3015
244 343 290 381 19

236 1648 282 1686 21

582 210 821 257 PLINY2
879 210 1206 256 NATURAL
1252 209 1539 256 HISTORY

392 337 502 384 VII.
539 338 688 399 Apud
731 338 976 384 Romanos
1017 353 1215 399 quoque
1256 336 1408 382 honos
1449 343 1643 382 mature
1684 336 1794 383 huic

323 417 415 459 arti
457 417 684 475 contigit,
724 415 968 477 siquidem
1009 416 1302 476 cognomina
1344 429 1404 458 ex
1447 429 1506 458 ea
1546 411 1792 459 Pictorum

324 498 584 536 traxerunt
619 492 756 537 Fabii
789 491 1085 536 clarissimae
1117 493 1299 552 gentis,
1332 493 1659 552 princepsque
1691 493 1794 536 eius

321 570 625 630 cognominis
672 571 777 630 ipse
825 568 1000 613 aedem
1050 567 1231 613 Salutis
1279 569 1439 628 pinxit
1487 583 1616 613 anno
1662 568 1793 613 urbis

322 644 552 690 conditae
600 660 754 700 ccccm,
804 661 932 707 quae
982 647 1173 706 pictura
1221 643 1416 689 duravit
1466 643 1528 689 ad
1576 650 1793 690 nostram

322 724 610 767 memoriam
682 721 807 767 aede
878 737 935 767 ea
1006 720 1179 767 Claudi
1251 723 1529 782 principatu
1601 727 1792 766 exusta.

322 800 545 860 proxime
581 798 833 844 celebrata
869 805 945 844 est
981 801 1030 843 in
1065 797 1170 843 foro
1204 798 1372 843 boario
1408 797 1533 843 aede
1570 797 1795 844 Herculis

324 873 471 920 Pacui
506 882 687 936 poetae
721 878 928 937 pictura.
998 875 1125 920 Enni
1160 890 1324 920 sorore
1357 877 1557 937 genitus
1590 872 1668 920 hic
1700 873 1795 921 fuit

322 951 678 1013 clarioremque
705 958 864 997 artem
892 967 1002 997 eam
1029 951 1217 997 Romae
1244 950 1363 996 fecit
1388 950 1543 1013 gloria
1568 967 1792 996 scaenae.

249 1057 251 1059 ·
322 1035 498 1090 postea
528 1044 626 1073 non
657 1035 733 1074 est
763 1035 989 1090 spectata
1020 1027 1239 1074 honestis
1270 1028 1515 1082 manibus,
1546 1030 1635 1073 nisi
1667 1027 1795 1074 forte

322 1107 429 1167 quis
454 1105 728 1167 Turpilium
755 1108 975 1167 equitem
1002 1105 1281 1151 Romanum
1308 1121 1334 1150 e
1359 1104 1573 1150 Venetia
1596 1112 1795 1151 nostrae

321 1185 502 1227 aetatis
531 1182 651 1228 velit
679 1181 882 1237 referre,
910 1181 1124 1244 pulchris
1155 1184 1258 1227 eius
1287 1182 1518 1243 operibus
1546 1180 1794 1244 hodieque

321 1258 547 1304 Veronae
590 1260 919 1305 exstantibus.
989 1259 1128 1305 laeva
1170 1262 1208 1305 is
1250 1275 1400 1304 manu
1442 1261 1620 1320 pinxit,
1662 1260 1793 1321 quod

321 1335 383 1381 de
450 1335 584 1382 nullo
650 1343 768 1382 ante
836 1343 1154 1382 memoratur.
1225 1338 1384 1397 parvis
1406 1335 1423 1363 1
1489 1335 1796 1398 gloriabatur

319 1412 515 1457 tabellis
551 1416 802 1459 extinctus
837 1429 996 1475 nuper
1028 1416 1078 1458 in
1112 1412 1261 1475 longa
1295 1419 1498 1458 senecta
1530 1412 1755 1459 Titedius
1775 1414 1794 1442 ²

322 1488 491 1534 Labeo
549 1493 842 1551 praetorius,
900 1493 1052 1535 etiam
1110 1489 1457 1552 proconsulatu
1515 1492 1794 1551 provinciae

321 1565 655 1613 Narbonensis
694 1566 911 1622 functus,
950 1567 1038 1613 sed
1077 1582 1137 1612 ea
1174 1582 1227 1612 re
1266 1565 1452 1611 inrisa3
1491 1568 1644 1612 etiam
1681 1582 1794 1613 con-

318 1642 555 1688 tumeliae
619 1650 741 1689 erat.
812 1643 908 1690 fuit
969 1650 1022 1690 et
1083 1646 1359 1705 principum
1422 1645 1635 1688 virorum
1696 1661 1793 1690 non

319 1720 654 1766 omittendum
715 1720 778 1766 de
838 1723 1033 1783 pictura
1092 1720 1288 1766 celebre
1348 1719 1621 1775 consilium,
1681 1737 1792 1766 cum

319 1795 378 1853 Q.
413 1794 611 1851 Pedius,
641 1813 794 1859 nepos
826 1797 886 1855 Q.
919 1796 1056 1844 Pedii
1086 1797 1352 1843 consularis
1381 1795 1793 1860 triumphalisque

319 1880 372 1918 et
426 1889 455 1918 a
508 1873 721 1920 Caesare
776 1875 1021 1921 dictatore
1076 1873 1331 1920 coheredis
1386 1874 1617 1937 Augusto
1670 1874 1793 1929 dati,

318 1956 497 1996 natura
552 1957 720 1997 mutus
778 1959 924 1997 esset.
994 1954 1044 1997 in
1101 1967 1159 1997 eo
1218 1950 1438 1997 Messala
1491 1957 1674 2005 orator,
1730 1967 1792 1997 ex

317 2029 453 2072 cuius
483 2025 670 2073 familia
697 2031 837 2090 pueri
869 2031 977 2073 avia
1014 2027 1194 2080 fuerat,
1232 2030 1477 2089 picturam
1513 2027 1792 2074 docendum

388 2153 395 2174 ¹
427 2155 615 2203 paruisse
640 2154 702 2193 B:
747 2167 888 2205 parvm
913 2154 1001 2206 ipse
1025 2156 1129 2194 coni.
1157 2154 1359 2205 Mayhoss.

381 2207 396 2230 ²
425 2207 615 2247 Titedius
653 2208 714 2247 B:
756 2209 812 2247 sit
849 2209 967 2247 edius
1006 2209 1115 2248 rell.:
1170 2208 1352 2246 Titidius
1391 2207 1539 2258 Silliq:
1581 2207 1792 2247 Antistius

325 2260 543 2299 Hardouin
563 2276 571 2300 :
609 2261 779 2301 Aterius
799 2262 886 2302 edd.
909 2266 994 2302 vett.

324 2315 394 2406 67³
425 2314 553 2353 inrisa
573 2315 624 2353 M
626 2315 768 2366 ayhoff
782 2331 790 2353 :
829 2315 952 2354 inlisa
971 2315 1008 2354 B
1026 2331 1034 2353 :
1073 2315 1116 2353 in
1135 2315 1219 2353 risu
1239 2315 1322 2353 rell.
1345 2314 1482 2363 (irrisu
1502 2313 1560 2354 od.
1582 2314 1680 2353 Par.
1699 2314 1788 2353 Lat.

375 2480 391 2498 ‘¹
421 2475 590 2514 Roman
615 2476 755 2514 writer
777 2475 825 2514 of
843 2476 1066 2527 tragedies,
1091 2488 1122 2514 c.
1148 2477 1288 2514 2:20—0.
1315 2476 1390 2515 130
1415 2487 1495 2514 B.c.

377 2528 391 2551 ¹²
420 2528 605 2567 Famous
629 2530 796 2568 Roman
814 2530 905 2580 epic
925 2529 1010 2568 and
1030 2530 1240 2568 dramatic
1260 2534 1373 2581 poet,
1395 2530 1582 2568 239-169
1603 2539 1683 2567 B.c.

321 2618 404 2661 274
