1899 3015
565 222 805 268 PLINY:
864 222 1191 268 NATURAL
1234 221 1529 269 HISTORY

207 357 282 397 136
315 350 563 396 iudicavit.
630 348 976 395 Timomachus
996 349 1263 412 Byzantius
1288 349 1510 395 Caesaris
1530 348 1783 395 dictatoris

317 424 485 462 aetate
516 417 719 461 Aiacem
750 423 801 462 et
834 415 1056 461 Mediam
1086 418 1263 477 pinxit,
1300 416 1362 461 ab
1399 431 1457 461 eo
1493 418 1543 460 in
1579 415 1783 461 Veneris

318 484 594 530 Genetricis
643 483 766 528 aede
809 485 1010 544 positas,
1058 498 1177 527 Lxxx
1215 482 1416 528 talentis
1458 483 1782 528 venundatas.

317 551 563 596 talentum
586 550 811 595 Atticum
834 551 872 595 Χ
901 554 950 596 ἦ
966 549 984 577 1
1003 555 1147 594 taxat
1170 548 1242 594 M.
1263 549 1432 594 Varro.
1481 548 1783 595 Timomachi

319 632 478 678 aeque
520 616 786 662 laudantur
833 616 1054 670 Orestes,
1104 615 1365 678 Iphigenia
1415 618 1465 660 in
1515 615 1687 661 Tauris
1734 622 1786 661 et

321 682 614 745 Lecythion,
645 683 881 745 agilitatis
919 685 1234 736 exercitator,
1267 684 1498 745 cognatio
1531 682 1785 737 nobilium,

318 738 524 813 palliati,
580 767 701 811 quos
763 749 978 795 dicturos
1041 752 1218 826 pinxit,
1272 749 1484 794 alterum
1549 755 1785 803 stantem,

318 817 531 863 alteium
559 816 834 862 sedentem.
906 819 1171 878 praecipue
1212 822 1384 861 tamen
1419 832 1495 861 ais
1531 818 1574 861 ei
1608 815 1786 861 favisse

318 888 366 929 in
402 884 632 944 Gorgone
666 886 768 928 visa
802 889 892 928 est.

211 956 282 996 137
384 949 590 995 Pausiae
612 949 736 995 filius
757 956 810 995 et
828 948 1093 1011 discipulus
1119 947 1393 994 Aristolaus
1420 964 1446 993 e
1471 950 1786 994 severissimis

316 1018 583 1079 pictoribus
629 1015 740 1070 fuit,
786 1019 921 1061 cuius
967 1022 1083 1061 sunt
1128 1015 1513 1077 Epaminondas,
1561 1013 1787 1069 Pericles,

320 1083 508 1137 Media,
574 1083 756 1135 Virtus,
830 1083 1067 1137 Theseus,
1127 1085 1292 1144 imago
1352 1082 1553 1127 Atticae
1614 1081 1787 1142 plebis,

320 1151 470 1196 bourn
540 1150 825 1195 immolatio.
901 1156 1018 1194 sunt
1088 1150 1266 1210 quibus
1336 1155 1387 1193 et
1458 1147 1787 1209 Nicophanes,

321 1217 543 1262 eiusdem
614 1215 821 1261 Pausiae
890 1215 1174 1277 discipulus,
1243 1215 1440 1277 placeat
1513 1214 1788 1277 diligentia,

320 1300 470 1346 quam
529 1283 827 1345 intellegant
886 1283 972 1328 soli
1037 1282 1265 1335 artifices,
1334 1281 1452 1326 alias
1520 1281 1672 1327 durus
1739 1284 1788 1326 in

321 1351 562 1396 coloribus
633 1358 684 1396 et
751 1349 838 1394 sile
903 1349 1104 1394 multus.
1197 1365 1311 1393 nam
1381 1347 1608 1394 Socrates
1679 1350 1786 1393 iure

322 1418 548 1463 omnibus
570 1416 759 1477 placet;
796 1416 920 1461 tales
947 1423 1063 1462 sunt
1084 1418 1188 1461 eius
1207 1432 1319 1461 cum
1345 1414 1640 1476 Aesculapio
1661 1414 1788 1460 filiae

320 1484 503 1546 Hygia,
538 1483 735 1545 Aegle,2
770 1481 1012 1537 Panacea,
1049 1482 1196 1536 Iaso,3
1231 1489 1283 1527 et
1313 1485 1471 1544 piger,
1503 1484 1586 1543 qui
1621 1481 1787 1543 appel-

319 1550 449 1596 latur
475 1550 654 1603 Ocnos,
682 1557 904 1611 spartum
931 1557 1184 1611 torquens,
1211 1548 1344 1610 quod
1371 1547 1548 1594 asellus
1575 1548 1785 1594 adrodit.

213 1623 284 1663 138
383 1617 637 1662 Hactenus
678 1617 902 1662 indicatis
943 1617 1224 1677 proceribus
1263 1619 1315 1661 in
1353 1622 1565 1676 utroque
1604 1630 1788 1677 genere

320 1700 416 1729 non
444 1684 720 1729 silebuntur
748 1690 799 1729 et
826 1686 992 1745 primis
1021 1685 1257 1744 proximi:
1304 1681 1638 1736 Aristoclides,
1667 1684 1749 1743 qui
1767 1681 1787 1710 ‘²

319 1753 478 1812 pinxit
520 1751 695 1795 aedem
738 1750 976 1811 Apollinis
1021 1749 1242 1811 Delphis.
1311 1747 1594 1809 Antiphilus
1636 1764 1789 1810 puero

319 1820 485 1880 ignem
530 1816 775 1862 conflante
821 1816 1052 1862 laudatur
1096 1833 1151 1861 ac
1196 1814 1398 1878 pulchra
1443 1814 1560 1860 alias
1605 1815 1789 1861 domo5

389 1954 400 1976 ¹
429 1963 474 1990 vl
496 1953 743 1992 Hardom'n:
774 1965 884 1992 VLM.
909 1953 970 1991 B:
1020 1964 1096 1991 XVI
1119 1953 1200 1991 rell.

383 2007 397 2030 ²
428 2008 582 2058 Hygia,
606 2007 733 2057 Aegle
754 2007 840 2045 edd.
865 2012 977 2046 vett.:
1018 2006 1257 2057 thygiaegle
1277 2005 1341 2044 B:
1381 2004 1575 2056 hygiagle
1595 2005 1678 2043 rell.

381 2062 396 2085 ³
428 2061 634 2106 Panacea,
671 2060 768 2099 Iaso
805 2060 1052 2099 Hermolaus
1086 2060 1322 2098 Barbarus:
1376 2071 1540 2110 panaca
1575 2058 1687 2096 iasus
1723 2058 1759 2097 B
1777 2075 1785 2098 :

327 2114 730 2206 p.4lacusdcecllbn{zclzoryi
750 2114 848 2207 cLocyzlti.
875 2115 1215 2217 Εξῦἓῖἑοὲθηᾶοῆ
1242 2113 1358 2151 lacus
1384 2117 1455 2151 aut
1480 2112 1597 2150 locus
1624 2112 1706 2150 rell.

383 2220 398 2243 ⁵
425 2180 674 2259 llalddature
698 2196 865 2272 pictura
880 2181 984 2258 *atra
1008 2197 1148 2259 foc-ulo
1172 2219 1277 2258 coni.
1305 2217 1507 2269 Mayhoff.

369 2349 502 2401 “Cop
505 2350 564 2389 ies
585 2349 632 2388 of
647 2349 734 2388 this
755 2349 921 2400 picture
941 2349 1064 2387 exist.

373 2403 388 2427 ὸ
417 2403 633 2454 Probabl3
654 2416 678 2440 a
701 2403 820 2441 mask
842 2403 890 2441 of
906 2402 1094 2441 Medusa.

372 2457 558 2495 ⁰Hence
588 2470 612 2494 a
643 2457 769 2494 Latin
800 2455 1007 2506 proverb.
1042 2467 1166 2494 oenus
1197 2460 1385 2504 <parumn
1413 2457 1613 2504 torquens,
1645 2452 1785 2492 ‘sloth

315 2511 501 2561 twisting
522 2524 546 2548 a
568 2522 682 2560 rope.
691 2510 698 2524 '
755 2509 793 2547 I.
798 2523 829 2548 e.
854 2509 1083 2548 ‘Labour
1074 2521 1116 2546 ln
1139 2508 1250 2546 vain.

368 2562 386 2587 ἆ
417 2563 526 2601 Both
550 2563 662 2614 largo
685 2563 767 2601 and
791 2562 915 2601 small
936 2563 1131 2613 pictureS.

325 2634 414 2692 360
