1873 3020
213 429 255 465 31

215 1824 263 1860 33

549 218 752 265 PLINY
773 235 783 265 z
837 217 1163 264 NATURAL
1209 216 1501 264 HISTORY

295 365 471 395 munus
504 348 745 402 admissis,
777 353 1130 408 servatumque
1161 349 1211 391 in
1244 345 1536 391 hodiernum
1568 351 1662 400 est,
1693 360 1756 390 ne

295 425 402 484 quis
425 438 451 468 e
474 424 608 467 novis
630 421 815 467 civibus
836 423 886 465 in
906 423 963 465 iis
984 420 1242 465 iudicaret.
1308 419 1538 465 decuriae
1559 434 1756 480 quoque

295 500 430 557 ipsae
454 495 674 557 pluribus
697 494 943 540 discretae
967 493 1245 538 nominibus
1268 492 1425 547 fuere,
1448 492 1756 538 tribunorum

295 572 419 614 aeris
451 576 502 614 et
531 568 828 613 selectorum
858 574 911 612 et
938 566 1171 612 iudicum.
1238 573 1440 628 praeter
1468 565 1554 611 hos
1583 568 1757 610 etiam-

295 659 411 687 num
464 644 702 703 nongenti
754 640 1059 686 vocabantur
1110 656 1171 685 ex
1222 640 1447 685 omnibus
1499 639 1644 684 electi
1694 637 1757 683 ad

293 715 642 761 custodiendas
700 712 1043 776 suffragiorum
1101 716 1249 759 cistas
1307 716 1355 758 in
1413 715 1638 758 comitiis.
1705 718 1758 757 et

293 789 474 835 divisus
515 787 593 833 hic
635 803 832 850 quoque
874 787 993 832 ordo
1035 793 1144 832 erat
1183 786 1397 848 superba
1437 788 1757 847 usurpatione

295 865 566 916 nominum,
599 878 710 907 cum
744 861 866 906 alius
899 876 952 906 se
985 867 1313 923 nongentum,
1345 859 1467 904 alius
1499 859 1757 912 selectum,

295 936 416 980 alius
443 936 698 981 tribunum
726 933 1018 996 appellaret.

360 1009 498 1054 VIII.
536 1009 718 1053 Tiberii
756 1007 959 1053 demum
1003 1006 1320 1069 principatu1
1368 1023 1497 1052 nono
1534 1023 1663 1052 anno
1708 1008 1756 1050 in

301 1086 545 1128 unitatem
582 1084 719 1127 venit
756 1088 991 1143 equester
1025 1080 1162 1135 ordo,
1197 1080 1556 1142 anulorumque
1591 1086 1758 1125 aucto-

297 1159 431 1201 ritati
479 1155 634 1201 forma
681 1157 955 1200 constituta
1000 1161 1077 1200 est
1121 1153 1175 1199 C.
1223 1154 1394 1200 Asinio
1439 1152 1658 1199 Pollione
1701 1152 1755 1198 C.

298 1229 516 1274 Antistio
552 1228 736 1274 Vetere
778 1245 873 1273 cos.
917 1244 1046 1273 anno
1088 1227 1220 1272 urbis
1260 1227 1491 1273 conditae
1532 1241 1758 1281 DCCLxxv,

294 1302 426 1365 quod
453 1306 704 1356 miremur,
731 1300 885 1347 futtili
911 1317 1073 1363 paene
1100 1300 1163 1346 de
1188 1317 1355 1355 causa,
1380 1317 1492 1346 cum
1519 1299 1573 1346 C.
1601 1298 1759 1362 Sulpi-

293 1379 394 1422 cius
416 1375 594 1430 Galba,
612 1374 892 1420 iuvenalem
911 1374 1097 1420 famam
1117 1374 1251 1436 apud
1267 1377 1541 1436 principem
1556 1377 1759 1436 popina-

296 1466 402 1494 rum
424 1452 594 1510 poenis
620 1455 915 1510 aucupatuS,
936 1455 1140 1510 questus
1168 1454 1301 1494 esset
1325 1450 1376 1493 in
1399 1454 1597 1502 senatu,
1614 1446 1758 1510 volgo

297 1526 545 1568 institores
580 1525 683 1568 eius
716 1522 891 1583 culpae
924 1521 1126 1568 defendi
1157 1521 1329 1567 anulis.
1396 1520 1488 1567 hac
1517 1521 1579 1567 de
1610 1537 1759 1567 causa

295 1599 641 1651 constitutum,
675 1612 737 1641 ne
767 1598 843 1641 cui
873 1598 947 1641 ius
975 1602 1107 1641 esset
1136 1598 1227 1640 nisi
1257 1597 1340 1656 qui
1366 1598 1610 1657 ingenuus
1634 1597 1758 1656 ipse,

296 1672 569 1732 <ingenuo>
587 1670 605 1698 2
629 1676 792 1731 patre,
812 1685 903 1715 avo
928 1676 1140 1730 paterno
1165 1684 1224 1714 Hs
1250 1676 1360 1716 ἓῑῇ
1384 1684 1559 1714 census
1584 1667 1759 1714 fuisset

298 1750 349 1788 et
385 1743 495 1805 lege
533 1742 658 1788 Iulia
694 1742 929 1788 theatrali
972 1745 1019 1787 in
1063 1742 1464 1804 quattuordecim
1507 1741 1758 1788 ordinibus

295 1816 520 1862 sedisset.
551 1823 725 1877 postea
748 1819 998 1879 gregatim
1020 1818 1213 1878 insigne
1240 1815 1291 1861 id
1313 1815 1482 1877 adpeti
1507 1822 1756 1877 coeptum.

362 1927 376 1950 1
406 1928 647 1978 principatu
670 1927 706 1965 Β
725 1943 732 1966 :
772 1927 1036 1978 principatus
1056 1927 1139 1966 rell.

358 1981 373 2004 ²
403 1981 608 2032 ingenuus
625 1982 713 2032 ipse
732 1981 913 2031 ingenuo
931 1981 1156 2031 Detlefsen:
1187 1981 1258 2030 qui
1274 1981 1484 2031 ingenuus
1502 1980 1591 2032 ipse
1605 1984 1677 2018 aut
1693 1980 1758 2018 cui

303 2034 487 2085 ingenuo
506 2035 599 2085 ipsi.

351 2140 369 2157 ‘²
400 2134 635 2184 Originally
657 2135 691 2172 it
713 2147 848 2173 seems
867 2133 1040 2173 officials
1061 2134 1237 2183 (tribuni
1258 2134 1425 2181 aerarii)
1446 2133 1540 2172 who
1556 2133 1756 2172 collected

298 2187 368 2226 the
385 2192 684 2238 property-tax
699 2188 805 2225 from
822 2187 990 2225 Roman
1006 2188 1179 2226 citizens
1193 2187 1318 2236 (until
1338 2188 1411 2225 167
1430 2189 1544 2234 Bc),
1559 2186 1642 2224 and
1660 2186 1757 2237 paid

298 2241 368 2279 the
392 2241 567 2279 soldiers
591 2245 667 2279 out
692 2240 739 2279 of
763 2254 787 2278 a
812 2241 968 2291 special
991 2241 1110 2279 fund.
1170 2240 1257 2279 But
1281 2241 1324 2279 in
1354 2240 1428 2280 the
1456 2240 1549 2279 first
1580 2244 1758 2291 century

301 2306 381 2372 ng.
397 2294 681 2386 gilggrkjffgpear
696 2307 742 2332 as
758 2307 813 2332 an
833 2294 926 2333 ordo
946 2294 989 2332 in
1005 2294 1077 2333 the
1097 2298 1210 2333 state
1230 2298 1332 2333 next
1353 2294 1485 2332 below
1506 2293 1578 2332 the
1593 2294 1756 2343 equites.

353 2407 367 2426 ⁶
395 2401 469 2440 Le.
504 2378 708 2451 the·gold
741 2400 832 2450 ring
865 2400 913 2438 of
941 2400 1013 2438 the
1048 2400 1180 2440 Order
1212 2400 1260 2439 of
1288 2399 1583 2452 Knighthood,
1617 2399 1756 2438 whose

297 2454 528 2543 {ner-libersQ
543 2455 661 2492 often
702 2453 910 2504 practised
954 2453 1153 2504 banking,
1195 2454 1474 2505 tax-farming
1514 2452 1598 2492 and
1638 2452 1758 2491 other

312 2521 699 2599 ‘1¹quf‘lT301-iimncjal
722 2560 920 2610 standing
942 2560 989 2598 of
1005 2573 1057 2598 an
1080 2573 1208 2610 eques.

304 2619 359 2662 26
