1899 3015
228 958 279 996 8ss

229 1653 277 1690 87

566 213 809 259 PLINY:
868 213 1193 258 NATURAL
1235 210 1529 258 HISTORY

314 348 486 387 natum
511 343 821 403 prospexisse
846 339 1248 394 denuntiantem,
1273 354 1335 384 ne
1360 355 1508 401 supra
1532 337 1783 400 crepidam

312 435 449 473 sutor
480 427 738 481 iudicaret,
772 426 905 488 quod
938 433 990 472 et
1021 429 1180 488 ipsum
1215 428 1265 470 in
1297 426 1611 487 proverbium
1645 426 1781 471 abiit.

314 513 409 560 fuit
460 517 591 560 enim
644 520 696 559 et
746 517 953 559 comitas
1005 512 1089 567 illi,
1140 519 1344 574 propter
1396 528 1547 574 quam
1598 514 1785 575 gratior

313 601 598 647 Alexandro
652 599 841 663 Magno
893 599 1184 661 frequenter
1234 602 1283 644 in
1333 599 1577 644 officinam
1627 601 1784 645 venti-

312 691 640 742 tanti—nam,
681 694 737 733 ut
777 687 1007 741 diximuS,
1048 687 1111 732 ab
1152 686 1246 732 alio
1286 702 1338 731 se
1379 688 1514 748 pingi
1555 692 1786 732 vetuerat

313 776 556 829 edicto——‚
598 774 685 820 sed
727 777 776 819 in
818 774 1010 820 officina
1051 776 1282 835 imperite
1324 772 1483 818 multa
1524 772 1785 819 disserenti

312 862 564 908 silentium
617 864 824 907 comiter
871 860 1135 914 suadebat,
1182 860 1330 906 rideri
1379 875 1493 905 eum
1542 859 1710 905 dicens
1756 876 1785 905 a

311 952 493 1011 pueris,
533 951 617 1010 qui
657 948 842 994 colores
881 953 1121 993 tererent.
1190 953 1389 992 tantum
1430 952 1538 992 erat
1577 948 1786 992 auctori·

312 1038 405 1082 tati
443 1038 558 1081 iuris
595 1038 644 1080 in
682 1051 853 1098 regem
890 1034 1072 1096 alioqui
1107 1033 1413 1079 iracundum.
1483 1049 1785 1095 quamquam

313 1122 599 1169 Alexander
624 1121 864 1167 honorem
893 1124 935 1166 ei
964 1120 1231 1166 clarissimo
1259 1119 1513 1182 perhibuit
1539 1119 1783 1182 exemplo.

313 1225 528 1272 namque
559 1225 671 1255 cum
701 1209 935 1254 dilectam
966 1207 1057 1254 sibi
1089 1223 1116 1253 e
1146 1207 1345 1270 pallacis
1376 1210 1474 1253 suis
1504 1209 1786 1269 praecipue,

313 1299 511 1343 nomine
549 1294 875 1357 Pancaspen,l
912 1294 1097 1340 nudam
1134 1296 1270 1356 pingi
1307 1294 1370 1339 ob
1406 1293 1785 1339 admirationem

313 1383 500 1430 formae
553 1383 615 1428 ab
668 1382 845 1444 Apelle
897 1384 1119 1427 iussisset
1171 1396 1404 1443 eumque,
1455 1380 1574 1427 dum
1625 1387 1786 1443 paret,

312 1477 515 1533 captum
564 1485 731 1516 amore
779 1471 1031 1523 sensisset,
1080 1468 1210 1514 dono
1258 1467 1398 1513 dedit
1447 1467 1530 1522 ei,2
1576 1483 1786 1530 magnus

313 1560 493 1611 animo,
523 1559 678 1602 maior
706 1558 913 1618 imperio
943 1558 1016 1601 sui
1046 1571 1137 1601 nec
1166 1557 1325 1600 minor
1353 1553 1445 1600 hoc
1474 1553 1607 1600 facto
1637 1570 1787 1617 quam

311 1647 514 1690 victoria
547 1644 658 1698 alia,
692 1646 808 1705 quia
828 1642 846 1671 3
879 1645 983 1704 ipse
1017 1658 1070 1688 se
1102 1644 1235 1697 vicit,
1268 1657 1360 1687 nec
1391 1648 1555 1687 torum
1588 1647 1786 1687 tantum

313 1748 473 1786 suum,
532 1731 619 1776 sed
678 1733 829 1776 etiam
889 1729 1145 1775 adfectum
1207 1728 1409 1774 donavit
1474 1728 1665 1783 artifici,
1723 1744 1786 1774 ne

313 1818 526 1865 dilectae
555 1817 756 1880 quidem
786 1823 1017 1878 respectu
1045 1822 1227 1870 motus,
1255 1831 1367 1861 cum
1395 1814 1542 1861 modo
1569 1818 1699 1877 regis
1727 1831 1787 1860 ea

313 1905 505 1960 fuisset,
558 1904 706 1951 modo
759 1905 958 1966 pictoris
1014 1909 1161 1948 esset.
1230 1908 1347 1948 sunt
1400 1904 1483 1963 qui
1538 1901 1785 1948 Venerem

316 1992 696 2055 anadyomenen
750 1991 812 2036 ab
871 1989 952 2035 illo
1011 1992 1196 2051 pictam
1256 1988 1527 2050 exemplari
1586 1995 1783 2050 putent.

313 2079 515 2141 Apelles
563 2084 615 2124 et
660 2080 710 2123 in
757 2076 962 2122 aemulis
1008 2076 1254 2139 benignus
1301 2073 1568 2138 Protogeni
1615 2074 1786 2138 digna-

381 2216 392 2238 ¹
423 2228 668 2267 pancaspen
683 2215 721 2254 B
737 2229 745 2252 ε
781 2226 1038 2266 campaspen
1058 2218 1130 2252 aut
1147 2226 1232 2253 -em
1247 2211 1356 2252 rell.:
1380 2211 1617 2251 Pancasten
1636 2211 1771 2263 Silliq.

377 2269 392 2293 2
448 2270 454 2277 ·
579 2285 587 2293 .

375 2323 390 2346 ³
418 2270 704 2373 {ligaguiaellss
725 2320 868 2360 Hertz:
907 2319 990 2358 alia
1015 2318 1176 2358 Urlichs
1195 2334 1203 2358 ε
1240 2318 1324 2357 alia
1343 2330 1427 2369 qua
1445 2318 1504 2357 B:
1538 2317 1681 2369 aliqua
1698 2318 1780 2358 rell.

311 2527 321 2564 l
365 2476 383 2494 ⁰
411 2472 475 2511 Ne
501 2476 613 2511 sutor
632 2470 740 2510 ultra
767 2468 989 2520 crepidam.
1049 2468 1158 2507 “Let
1184 2480 1209 2506 a
1235 2466 1485 2507 shoemaker
1510 2466 1619 2506 stiok
1645 2471 1692 2506 to
1719 2466 1784 2506 his

327 2524 436 2564 ast.’‘

313 2636 399 2683 3²4
