1899 3015
220 990 295 1029 195

220 1457 294 1496 196

581 190 785 235 PLINY
814 206 823 235 :
882 189 1209 235 NATURAL
1253 187 1546 234 HISTORY

331 317 452 362 haec
487 323 539 362 et
575 332 704 377 aqua
738 315 857 361 dilui
892 315 1147 361 celerrima
1168 314 1213 369 13
1267 315 1442 360 eadem
1479 313 1608 360 lacte
1643 313 1800 360 diluta

331 386 649 428 tectoriorum
704 382 888 427 albaria
941 382 1318 442 interpolantur.
1389 381 1629 443 pnigitis2
1682 381 1798 426 Ere-

329 454 453 495 triae
510 449 753 494 simillima
812 455 904 502 est,
959 449 1301 511 grandioribus
1357 454 1556 493 tantum
1611 447 1800 509 glaebis

329 517 692 579 glutinosaque.
764 515 967 561 effectus
1034 518 1136 560 eius
1202 514 1332 560 idem
1399 517 1481 575 qui
1546 513 1800 568 Cimoliae,

332 583 566 628 infirmior
592 590 805 628 tantum.
876 583 1103 627 bitumini
1136 581 1381 626 simillima
1411 588 1486 626 est
1516 581 1801 642 ampelitis.3

331 653 729 711 experimentum
783 652 904 701 eius,
955 652 992 694 si
1045 664 1187 693 cerae
1239 647 1386 693 modo
1437 654 1642 708 accepto
1692 647 1800 693 oleo

330 717 570 778 liquescat
604 723 655 761 et
688 719 726 761 si
761 719 1004 777 nigricans
1038 715 1166 760 colos
1200 721 1402 759 maneat
1435 720 1614 760 tostae.
1685 731 1799 759 usus

329 784 390 829 ad
416 782 738 828 molliendum
763 782 1249 843 discutiendumque,
1276 788 1328 827 et
1353 781 1414 826 ad
1441 780 1563 826 haec
1587 781 1799 826 medica-

328 853 509 896 mentis
582 849 798 903 additur,
858 851 1124 911 praecipue
1196 851 1244 893 in
1315 846 1676 909 calliblepharis
1749 855 1801 894 et

327 916 599 962 inficiendis
637 916 836 977 capillis.

395 983 551 1028 LVII.
589 983 770 1029 Cretae
809 982 950 1043 plura
986 998 1187 1044 genera.
1259 997 1319 1026 ex
1353 984 1409 1026 iis
1438 980 1675 1027 Cimoliae
1702 980 1801 1027 duo

329 1050 391 1096 ad
415 1050 632 1096 medicos
658 1052 979 1111 pertinentia,
1004 1048 1269 1094 candidum
1297 1054 1348 1092 et
1374 1047 1436 1093 ad
1462 1050 1800 1109 purpurissum

328 1117 581 1162 inclinans.
650 1119 719 1161 vis
782 1119 980 1177 utrique
1042 1115 1102 1160 ad
1166 1114 1500 1160 discutiendos
1563 1121 1800 1169 tumores,

327 1184 571 1229 sistendas
603 1182 861 1228 fluctiones
893 1189 1036 1228 aceto
1068 1182 1347 1242 adsumpto.
1417 1197 1570 1242 panos
1602 1197 1800 1243 quoque

329 1258 378 1296 et
414 1250 664 1311 parotidas
698 1249 898 1296 cohibet
932 1256 985 1295 et
1017 1248 1199 1294 lienem
1233 1248 1374 1293 inlita
1407 1247 1724 1309 pusulasque,
1758 1251 1796 1293 si

327 1334 441 1363 vero
477 1316 818 1378 aphronitrum
855 1323 907 1362 et
941 1315 1184 1378 cyprum4
1221 1315 1462 1360 adiciatur
1498 1322 1550 1360 et
1584 1321 1800 1368 acetum,

328 1384 512 1446 pedum
549 1391 767 1430 tumores
804 1386 891 1436 ita,
929 1390 985 1428 ut
1020 1386 1067 1427 in
1105 1382 1205 1427 sole
1242 1384 1430 1427 curatio
1466 1380 1588 1427 haec
1625 1380 1712 1427 fiat
1748 1388 1800 1427 et

325 1458 436 1513 post
490 1466 535 1496 V1
591 1450 734 1496 horas
789 1466 915 1511 aqua
970 1449 1095 1494 salsa
1150 1448 1394 1494 abluatur.
1463 1451 1669 1494 testium
1722 1454 1800 1493 tu-

327 1518 542 1563 moribus
592 1534 742 1579 cypro
793 1524 843 1562 et
894 1533 1006 1561 cera
1056 1516 1226 1561 addita
1276 1515 1493 1577 prodest.
1563 1522 1615 1560 et
1663 1514 1800 1560 refri-

326 1584 529 1646 gerandi
595 1600 793 1645 quoque
859 1590 1034 1628 natura
1098 1589 1265 1628 cretae
1330 1588 1423 1635 est,
1498 1581 1799 1643 sudoresque

328 1651 613 1696 immodicos
663 1654 792 1696 sistit
841 1650 979 1695 inlita
1030 1656 1182 1710 atque
1231 1652 1298 1694 ita
1348 1648 1553 1710 papulas
1601 1647 1800 1694 cohibet

328 1734 388 1763 ex
440 1721 551 1762 vino
601 1718 867 1778 adsumpta
916 1720 963 1762 in
1013 1716 1235 1761 balineis.
1306 1715 1537 1761 laudatur
1584 1718 1799 1760 maxime

327 1785 621 1830 Thessalica.
692 1787 909 1829 nascitur
957 1790 1007 1828 et
1055 1786 1103 1828 in
1154 1783 1303 1845 Lycia
1351 1785 1478 1828 circa
1524 1781 1799 1835 Bubonem,

330 1852 417 1897 Est
456 1858 508 1897 et
544 1851 665 1896 alius
703 1851 939 1897 Cimoliae
972 1866 1086 1895 usus
1117 1853 1165 1894 in
1197 1849 1431 1895 vestibus.
1501 1865 1614 1894 nam
1646 1847 1800 1894 Sarda

393 1939 404 1961 ¹
438 1938 653 1976 celerrima
688 1938 773 1975 edd.
813 1943 927 1976 vett.:
983 1937 1203 1975 cetcrrima
1238 1942 1308 1975 aut
1344 1940 1529 1975 ceterum
1566 1936 1800 1985 (teterrima

331 1992 389 2030 od.
414 1992 511 2030 Par.
538 1992 628 2029 Lat.
651 1993 789 2038 6797).

390 2045 404 2068 ²
434 2045 608 2095 pnigitis
629 2044 875 2083 Hermolaus
897 2043 1105 2082 Barbarus
1125 2058 1132 2081 :
1173 2042 1352 2093 phinicis
1372 2048 1442 2080 aut
1464 2042 1595 2093 pnitis
1615 2047 1686 2080 aut
1705 2041 1797 2081 sim.

388 2099 402 2121 ³
433 2098 646 2149 ampelitis
670 2098 915 2137 Hermolaus
939 2097 1148 2135 Barbarus
1168 2112 1175 2134 :
1218 2095 1443 2146 appellitis.

389 2153 402 2174 ⁴
433 2152 625 2202 cyprium
655 2151 713 2189 cd.
744 2152 842 2189 Par.
874 2151 974 2189 6801
999 2165 1006 2188 :
1054 2162 1210 2200 cyprus
1238 2150 1426 2187 Brotier:
1473 2148 1632 2186 nitrum
1662 2147 1794 2186 Gelen.

375 2238 393 2256 ⁰
423 2231 511 2270 The
547 2231 662 2269 word
699 2243 844 2269 means
881 2243 965 2280 any
1002 2228 1157 2267 fullers’
1196 2228 1352 2274 earths,
1390 2228 1487 2266 here
1523 2227 1796 2278 particularly

324 2285 500 2324 calcium
524 2283 904 2322 montmorillonite
925 2283 1033 2322 from
1057 2282 1129 2321 the
1146 2282 1281 2321 island
1299 2282 1549 2333 Argentiera
1570 2294 1616 2320 or
1635 2280 1796 2320 Cimolo

322 2340 363 2377 in
386 2339 458 2377 the
481 2339 663 2386 Aegean.

384 2394 398 2417 ὁ
428 2392 679 2444 ἀφρόνιτρον,
712 2405 827 2430 more
849 2391 1047 2443 properly
1067 2389 1193 2441 ἀφρὸς
1223 2388 1369 2441 νίτρου,
1393 2390 1401 2405 ⁴
1423 2390 1537 2428 foam
1567 2388 1615 2427 of
1638 2389 1742 2427 soda
1762 2389 1794 2434 ’;

325 2447 533 2498 probably
550 2459 651 2497 pure
666 2445 770 2484 soda
786 2458 832 2484 or
848 2444 1037 2496 possibly
1053 2444 1197 2495 partly
1213 2443 1461 2482 causticised
1479 2443 1595 2485 soda,
1615 2442 1796 2481 whereas

323 2500 522 2550 ordinary
545 2500 704 2538 nitrum
725 2512 810 2537 was
832 2499 1062 2537 carbonate
1084 2497 1132 2535 of
1149 2497 1265 2535 soda.

379 2559 393 2577 ⁶
424 2552 635 2592 Obtained
658 2552 764 2590 from
789 2551 861 2590 the
882 2551 1043 2589 flowers
1065 2550 1113 2588 of
1131 2550 1345 2589 Laws-onia
1368 2550 1471 2588 alba.

323 2624 410 2664 404
