1899 3015
558 208 801 254 PLINY:
858 205 1186 253 NATURAL
1229 204 1524 252 HISTORY

302 352 449 381 curae
482 351 630 397 supra
661 334 865 380 modum
902 336 1079 378 anxiae
1117 335 1408 386 miraretur3
1480 332 1608 378 dixit
1644 334 1774 378 enim

302 415 467 459 omnia
501 413 591 458 sibi
628 428 740 457 cum
775 411 856 457 illo
893 413 1029 472 paria
1066 426 1172 455 esse
1209 416 1296 455 aut
1331 409 1398 454 illi
1433 409 1654 463 meliora,
1689 409 1776 455 sed

304 507 401 536 uno
443 506 495 535 se
537 496 810 551 praestare,
854 488 986 549 quod
1028 503 1231 532 manum
1274 486 1336 532 de
1378 485 1551 532 tabula
1592 486 1776 532 sciret1

305 567 496 621 tollere,
531 565 838 611 memorabili
874 571 1143 627 praecepto
1178 579 1356 609 nocere
1390 579 1541 625 saepe
1575 566 1778 609 nimiam

304 645 629 706 diligentiam.
700 642 794 688 fuit
841 649 1011 688 autem
1059 658 1156 687 non
1203 643 1402 686 minoris
1449 640 1778 702 simplicitatis

305 738 455 784 quam
485 723 617 766 artis.
691 719 971 765 Melanthio
1000 719 1323 781 dispositione
1351 717 1582 772 cedebat,
1611 717 1779 764 Ascle-

305 799 508 861 piodoro
534 799 597 844 de
617 798 635 826 2
661 800 921 852 mensuris,
947 796 1039 842 hoc
1066 802 1143 842 est
1169 802 1357 858 quanto
1383 794 1503 858 quid
1528 811 1556 840 a
1582 811 1780 858 quoque

306 877 490 922 distare
523 876 747 921 deberet.

223 961 269 999 81
371 953 561 998 Scitum
606 956 738 998 inter
784 950 1102 1014 Protogenen
1148 957 1200 996 et
1246 965 1360 995 eum
1406 949 1540 1011 quod
1585 949 1778 996 accidit.

307 1031 387 1076 ille
427 1029 587 1076 Rhodi
626 1030 843 1083 vivebat,
883 1045 981 1091 quo
1020 1045 1132 1073 cum
1172 1027 1375 1089 Apelles
1415 1026 1780 1089 adnavigasset,

308 1108 478 1154 avidus
527 1107 857 1169 cognoscendi
906 1121 1058 1168 opera
1107 1107 1211 1150 eius
1260 1104 1394 1149 fama
1442 1110 1640 1150 tantum
1690 1105 1780 1150 sibi

307 1187 510 1247 cogniti,
547 1187 781 1230 continuo
816 1184 1059 1229 officinam
1095 1185 1257 1244 petiit.
1327 1182 1502 1227 aberat
1537 1184 1659 1243 ipse,
1695 1181 1782 1227 sed

309 1262 533 1308 tabulam
573 1261 767 1323 amplae
806 1260 1164 1323 magnitudinis
1202 1261 1252 1304 in
1290 1257 1519 1304 machina
1557 1265 1782 1320 aptatam

312 1356 410 1385 una
429 1339 447 1368 3
477 1339 793 1385 custodiebat
824 1354 960 1384 anus.
1029 1336 1152 1382 haec
1182 1336 1297 1382 foris
1329 1352 1436 1381 esse
1468 1334 1783 1398 Protogenen

311 1417 566 1478 respondit
597 1418 1041 1478 interrogavitque,
1074 1431 1102 1460 a
1133 1431 1231 1476 quo
1263 1415 1546 1475 quaesitum
1577 1413 1781 1459 diceret.

310 1504 321 1522 ‘
341 1495 404 1540 ab
435 1493 559 1549 hoc,'
590 1496 753 1556 inquit
784 1493 987 1555 Apelles
1014 1492 1324 1553 adreptoque
1349 1490 1577 1553 penicillo
1602 1490 1784 1536 lineam

227 1578 277 1617 82
312 1588 372 1617 ex
401 1571 562 1617 colore
592 1571 735 1617 duxit
765 1586 988 1616 summae
1018 1571 1279 1615 tenuitatis
1308 1584 1397 1630 per
1424 1567 1663 1614 tabulam.
1733 1575 1785 1614 et

310 1665 506 1694 reverso
544 1647 812 1711 Protogeni
849 1663 978 1710 quae
1015 1653 1159 1709 gesta
1196 1653 1339 1691 erant
1375 1661 1496 1691 anus
1532 1645 1782 1691 indicavit.

311 1725 480 1772 ferunt
544 1726 785 1771 artificem
850 1728 1073 1787 protinus
1137 1722 1532 1785 contemplatum
1596 1722 1785 1768 subtili-

312 1810 472 1849 tatem
506 1803 687 1849 dixisse
722 1802 934 1864 Apellen
968 1805 1177 1855 venisse,
1211 1817 1309 1846 non
1342 1799 1520 1845 cadere
1552 1802 1603 1844 in
1636 1799 1784 1845 alium

313 1888 417 1926 tam
458 1881 740 1926 absolutum
781 1895 931 1942 opus}
989 1882 1251 1941 ipsumque
1292 1877 1386 1924 alio
1425 1876 1585 1923 colore
1625 1879 1787 1922 tenui-

314 1974 448 2004 orem
507 1958 689 2003 lineam
748 1961 795 2002 in
855 1960 959 2018 ipsa
1017 1956 1098 2001 illa
1156 1956 1355 2001 duxisse
1414 1954 1786 2016 abeuntemque

316 2039 642 2097 praecepisse,
680 2037 718 2080 si
757 2034 967 2080 redisset
1003 2033 1102 2088 ille,
1139 2032 1430 2079 ostenderet
1467 2031 1786 2094 adiceretque

381 2149 393 2172 ¹
425 2149 549 2188 sciret
571 2149 607 2186 B
625 2164 633 2187 :
674 2161 760 2186 non
782 2148 905 2186 sciret
927 2147 1010 2186 rell.

378 2203 392 2226 ²
422 2202 473 2241 de
490 2202 669 2252 fortasse
692 2201 905 2240 delendum
931 2200 1151 2251 (Mayhoff,
1179 2200 1248 2250 qui
1271 2205 1307 2238 et
1330 2198 1582 2237 dimensuris
1604 2199 1743 2247 comt).

377 2256 392 2279 ³
421 2269 507 2294 una
529 2256 591 2294 B:
631 2256 822 2306 picturae
845 2268 930 2293 una
952 2254 1035 2293 rell.

373 2370 390 2387 ⁰
419 2364 507 2402 The
521 2364 762 2414 expression
779 2363 787 2378 ‘
801 2376 970 2401 manum
986 2362 1031 2400 de
1045 2361 1211 2407 tabula‚’
1228 2361 1236 2376 ‘
1257 2360 1371 2399 hand
1385 2360 1494 2398 from
1508 2359 1580 2398 the
1594 2359 1784 2411 picture,'

320 2430 406 2456 was
427 2431 451 2454 a
472 2418 621 2468 saying
643 2416 777 2455 which
802 2415 1025 2467 expresscd
1049 2415 1057 2430 ‘
1078 2415 1226 2453 That’s
1247 2413 1443 2464 enough.‘

374 2470 390 2494 θ
420 2471 542 2520 Pliny
570 2470 670 2508 does
701 2475 778 2508 not
804 2483 880 2520 say
905 2468 1094 2508 whether
1125 2468 1159 2507 it
1185 2481 1270 2506 was
1295 2466 1477 2518 straight
1502 2479 1549 2506 or
1576 2478 1714 2518 wavy,
1741 2479 1788 2505 or

318 2537 372 2563 an
392 2524 553 2562 outline
572 2524 620 2562 of
633 2536 749 2562 some
769 2523 923 2573 object.

317 2614 404 2661 320
