1899 3015
275 744 299 781 9

241 1128 289 1167 10

241 1667 284 1704 ll

576 223 818 270 PLINY:
876 223 1204 269 NATURAL
1247 222 1540 269 HISTORY

322 350 849 396 men—Africanorum
898 351 1127 397 dedecori
1180 353 1465 412 inrepentes
1514 349 1795 412 Scipionum

324 430 521 473 nomini.
590 427 866 490 sed—pace
939 427 1268 473 Messalarum
1337 428 1518 473 dixisse
1587 427 1796 474 liceat—

324 509 475 550 etiam
520 508 719 550 mentiri
763 505 1004 551 clarorum
1050 508 1290 567 imagines
1336 511 1443 550 erat
1487 504 1661 566 aliquis
1706 508 1796 550 vir-

322 590 489 628 tutum
531 599 668 628 amor
708 582 967 644 multoque
1007 581 1264 628 honestius
1306 598 1454 643 quam
1497 584 1692 637 mereri,
1733 598 1795 628 ne

322 662 429 721 quis
462 675 574 705 suas
608 666 887 721 expeteret.

389 736 499 782 Non
545 743 622 782 est
665 736 1089 798 praetereundum
1135 743 1188 782 et
1232 738 1476 782 novicium
1520 739 1796 791 inventum,

322 813 566 875 siquidem
594 830 691 859 non
711 813 729 843 1
758 829 819 859 ex
848 830 966 859 auro
994 820 1283 875 argentove,
1311 819 1363 858 at
1383 812 1402 842 2
1428 819 1564 858 certe
1593 828 1653 858 ex
1682 829 1795 858 aere

321 893 371 935 in
423 889 734 936 bibliothecis
788 891 1017 936 dicantur
1068 890 1178 945 illis,
1231 907 1439 952 quorum
1493 890 1795 936 immortales

322 972 517 1013 animae
552 970 602 1012 in
634 967 749 1013 locis
782 968 958 1013 iisdem
990 967 1277 1029 loquuntur,
1311 969 1429 1029 quin
1461 969 1611 1012 immo
1645 970 1793 1013 etiam

322 1061 450 1107 quae
487 1061 584 1090 non
620 1051 737 1090 sunt
773 1045 1045 1107 finguntur,
1082 1047 1382 1106 pariuntque
1419 1044 1663 1090 desideria
1699 1061 1795 1090 non

321 1121 531 1167 traditos
573 1121 756 1176 vultus,
794 1124 921 1167 sicut
962 1125 1013 1167 in
1055 1122 1274 1167 Homero
1313 1121 1518 1168 evenit.3
1585 1121 1794 1183 utique4

321 1201 495 1253 maius,
540 1205 597 1244 ut
641 1199 874 1261 equidem
919 1200 1146 1253 arbitror,
1191 1198 1379 1244 nullum
1425 1205 1502 1244 est
1546 1197 1795 1244 felicitatis

323 1278 575 1336 specimen
612 1292 763 1337 quam
800 1292 997 1337 semper
1034 1292 1204 1321 omnes
1242 1278 1364 1321 scire
1402 1291 1601 1337 cupere,
1639 1275 1795 1337 qualis

323 1353 473 1398 fuerit
501 1353 690 1415 aliquis.
761 1354 901 1398 Asini
930 1351 1158 1399 Pollionis
1186 1352 1278 1398 hoc
1305 1352 1492 1397 Romae
1520 1355 1795 1408 inventum,

322 1432 405 1491 qui
442 1433 628 1491 primus
665 1429 1019 1475 bibliothecam
1056 1429 1267 1476 dicando
1304 1431 1504 1491 ingenia
1540 1428 1795 1475 hominum

321 1522 426 1552 rem
478 1506 727 1568 publicam
780 1506 913 1553 fecit.
984 1523 1047 1552 an
1098 1509 1284 1568 priores
1337 1508 1593 1567 coeperint
1645 1505 1795 1552 Alex-

322 1584 537 1629 andreae
576 1590 628 1630 et
665 1582 895 1646 Pergami
931 1600 1093 1647 reges,
1131 1587 1214 1645 qui
1251 1582 1576 1629 bibliothecas
1613 1599 1795 1646 magno

326 1664 598 1706 certamine
626 1664 907 1716 instituere,
932 1678 1029 1707 non
1058 1660 1201 1706 facile
1230 1661 1454 1706 dixerim.
1523 1663 1794 1722 imaginum

322 1738 580 1783 amorem5
621 1738 854 1800 flagrasse
899 1738 1149 1800 quondam
1173 1738 1191 1767 ⁶
1236 1744 1393 1783 testes
1437 1744 1554 1783 sunt
1597 1738 1794 1783 Atticus

321 1814 401 1859 ille
427 1814 674 1860 Ciceronis
702 1815 838 1860 edito
869 1815 931 1860 de
960 1817 1016 1860 iis
1044 1815 1309 1869 volumine,
1338 1813 1410 1860 M.
1441 1814 1596 1860 Varro
1623 1814 1794 1876 benig-

323 1895 519 1937 nissimo
543 1895 745 1938 invento
775 1895 969 1938 insertis
1006 1891 1312 1937 voluminum
1342 1907 1542 1937 suorum
1574 1890 1794 1936 fecundi-

384 2008 396 2031 ¹
429 2020 540 2046 nunc
561 2008 584 2046 Ι
588 2021 656 2055 an,
686 2008 870 2047 Urlichs:
908 2008 1047 2047 icones
1069 2007 1271 2059 Detlefsen
1291 2023 1298 2047 :
1337 2020 1423 2046 non
1441 2007 1579 2046 solum
1599 2006 1684 2046 edd.
1707 2013 1791 2046 vett.

386 2062 399 2084 ²
429 2067 474 2099 at
496 2062 713 2111 Alayhoff:
753 2067 842 2100 aut.

384 2115 398 2137 ³
428 2115 600 2153 devenit
626 2116 688 2153 B:
733 2115 775 2152 id
800 2115 944 2154 evenit
967 2114 1062 2153 Ian.

383 2168 398 2190 ⁴
428 2169 575 2218 utique
597 2169 701 2207 coni.
726 2168 942 2219 Mayhoff:
983 2181 1080 2218 quo.

387 2221 402 2243 ⁵
431 2234 619 2260 amorem
644 2222 707 2260 B:
749 2234 894 2260 amore
917 2222 1000 2260 rell.

387 2275 401 2297 ⁶
432 2278 593 2323 (amore
624 2305 632 2313 .
666 2305 674 2313 .
708 2276 736 2324 .)
759 2275 967 2325 quosdam
987 2275 1092 2314 coni.
1116 2274 1289 2314 Brotier.

377 2429 394 2446 ‘²
424 2423 563 2474 Scipio
592 2423 828 2468 Africanus,
862 2424 997 2462 victor
1025 2436 1126 2461 over
1155 2422 1375 2461 Hannibal
1401 2422 1444 2461 in
1473 2423 1551 2461 202
1582 2433 1679 2468 B.c.,
1708 2421 1792 2460 and

322 2476 759 2569 {ffipssocAemilianus
807 2477 1043 2522 Africanus,
1085 2476 1178 2514 who
1226 2475 1451 2527 destroyed
1500 2475 1708 2525 Carthago
1750 2475 1792 2514 in

324 2616 410 2661 266
