1873 3020
209 709 259 744 96

213 1173 261 1211 97

215 1441 265 1478 98

219 1972 268 2010 99

543 171 749 218 PLINY
769 189 779 218 z
832 172 1160 218 NATURAL
1205 172 1499 219 HISTORY

288 300 523 347 scintillis.
592 307 724 345 terra
774 308 850 346 est
897 300 1016 345 alias
1066 300 1230 354 rubra,
1277 300 1434 345 aliasl
1481 304 1752 347 cineracea.

292 371 498 429 excoqui
528 384 625 413 non
654 374 840 429 potest,
869 370 958 412 nisi
988 384 1099 412 cum
1128 367 1331 428 plumbo
1360 370 1500 429 nigro
1527 374 1616 413 aut
1642 384 1755 413 cum

294 451 415 479 vena
442 433 930 495 plumbi—galenam
956 440 1215 488 vocant—,
1241 450 1370 495 quae
1395 437 1536 479 iuxta
1560 437 1756 495 argenti

292 517 439 546 venas
465 501 758 562 plerumque
785 503 1045 561 reperitur.
1115 507 1167 545 et
1193 500 1368 546 eodem
1394 517 1543 561 opere
1567 504 1756 562 ignium

289 567 499 613 discedit
523 583 636 628 pars
661 570 709 611 in
735 566 1011 628 plumbum,
1036 574 1300 628 argentum
1326 575 1496 613 autem
1521 570 1720 613 innatat
1738 567 1757 596 2

289 650 520 694 superne,
546 640 601 679 ut
626 633 790 679 oleum
816 636 971 695 aquis.

356 701 620 761 Reperitur
667 703 716 745 in
764 700 991 745 omnibus
1039 715 1201 760 paene
1248 702 1525 761 provinciis,
1572 699 1660 746 sed
1708 703 1758 745 in

294 766 531 828 Hispania
550 766 952 827 pulcherrimum,
968 766 1018 811 id
1035 782 1233 828 quoque
1250 769 1299 811 in
1316 766 1470 812 sterili
1486 766 1588 812 solo
1604 773 1759 828 atque

292 837 444 878 etiam
470 833 739 888 montibus,
764 840 816 878 et
839 833 1139 894 ubicumque
1164 849 1263 878 una
1286 836 1489 878 inventa
1515 849 1640 878 vena
1665 840 1756 887 est,

294 917 389 945 non
425 900 592 961 procul
628 903 878 945 invenitur
912 900 1022 945 alia.
1091 898 1182 945 hoo
1217 900 1419 961 quidem
1456 907 1508 945 et
1541 903 1591 945 in
1626 903 1757 945 omni

292 966 395 1012 fere
428 970 655 1020 materia,
687 966 819 1012 unde
852 966 1055 1012 metalla
1089 966 1267 1011 Graeci
1299 966 1530 1012 videntur
1560 966 1757 1012 dixisse.

292 1037 487 1087 mirum,
513 1032 674 1078 adhuc
699 1050 788 1094 per
814 1033 1080 1094 Hispanias
1106 1033 1169 1078 ab
1196 1033 1479 1078 Hannibale
1503 1032 1759 1079 inchoatos

291 1100 470 1145 durare
498 1108 691 1161 puteos.
759 1116 847 1145 sua
874 1103 1072 1144 nomina
1099 1100 1161 1144 ab
1188 1100 1526 1145 inventoribus
1553 1099 1760 1154 habent,

297 1183 357 1212 ex
403 1170 509 1228 quis
553 1166 771 1212 Baebelo
814 1166 1095 1227 appellatur
1137 1165 1302 1221 hodie,
1346 1170 1429 1228 qui
1473 1182 1554 1211 ccc
1596 1166 1760 1228 pondo

294 1233 560 1278 Hannibali
594 1234 988 1279 subministravit
1019 1236 1068 1278 in
1101 1232 1224 1287 dies,
1257 1233 1320 1278 ad
1353 1249 1427 1278 MD
1458 1250 1630 1294 passus
1661 1236 1760 1279 iam

292 1307 468 1345 cavato
503 1307 691 1354 monte,
728 1316 816 1361 per
850 1300 983 1362 quod
1017 1303 1235 1360 spatium
1271 1299 1533 1361 aquatini3
1567 1307 1760 1345 stantes

296 1367 522 1412 noctibus
552 1367 828 1428 diebusque
860 1374 1073 1428 egerunt
1101 1383 1256 1428 aquas
1286 1367 1596 1412 lucernarum
1625 1383 1761 1411 men-

298 1450 409 1478 sura
455 1450 754 1495 amnemque
798 1432 1002 1478 faciunt.
1070 1436 1265 1495 argenti
1310 1449 1436 1478 vena
1478 1436 1526 1478 in
1570 1449 1762 1479 summo

296 1507 495 1561 reperta
526 1500 751 1546 crudaria
783 1500 1080 1561 appellatur.
1150 1500 1256 1545 finis
1289 1503 1505 1561 antiquis
1541 1499 1759 1545 fodiendi

294 1566 489 1612 solebat
524 1583 630 1612 esse
665 1567 864 1612 alumen
900 1570 1186 1620 inventum3
1238 1566 1367 1611 ultra
1403 1565 1522 1611 nihil
1557 1583 1762 1628 quaere-

295 1633 456 1679 batur.
525 1650 683 1694 nuper
700 1637 903 1678 inventa
923 1637 1048 1678 aeris
1068 1649 1193 1678 vena
1213 1632 1340 1678 infra
1359 1633 1557 1678 alumen
1576 1633 1762 1678 nullam

295 1700 444 1745 finem
483 1704 587 1761 spei
626 1699 760 1745 fecit.
829 1700 949 1745 odor
988 1716 1048 1745 ex
1088 1703 1283 1761 argenti
1321 1699 1500 1746 fodinis
1538 1703 1762 1745 inimicus

295 1767 521 1812 omnibus
558 1767 870 1821 animalibus,
913 1767 1000 1811 sed
1047 1770 1264 1812 maxime
1300 1767 1520 1812 canibus.
1590 1783 1762 1812 aurum

295 1841 660 1895 argentumque
698 1850 796 1895 quo
833 1833 1043 1887 mollius,
1081 1850 1139 1878 eo
1176 1832 1440 1895 pulchrius.
1507 1833 1662 1879 lineas
1701 1850 1762 1879 ex

295 1908 504 1962 argento
533 1904 697 1961 nigras
725 1900 958 1961 praeduci
989 1900 1212 1961 plerique
1240 1903 1498 1946 mirantur.

365 1966 577 2012 XXXII.
618 1967 708 2012 Est
755 1974 807 2012 et
845 1967 968 2028 lapis
1016 1970 1065 2012 in
1111 1970 1167 2012 iis
1207 1970 1360 2022 venis,
1398 1969 1535 2013 cuius
1573 1969 1764 2012 vomica

362 2081 375 2103 ¹
417 2081 488 2119 111.
513 2080 607 2118 rufa
625 2080 725 2120 alia.
923 2081 937 2103 ²
970 2085 1092 2118 natat
1114 2080 1163 2119 B.

357 2134 372 2156 ³
403 2134 596 2184 aquatini
625 2135 730 2173 coni.
757 2133 900 2184 Silliq:
938 2134 1129 2172 Accitani
1159 2134 1264 2172 coni.
1288 2132 1535 2174 Hardouin:
1573 2133 1762 2173 Iacetani

304 2186 555 2226 Pintianus:
578 2188 785 2237 aquitani.

349 2299 367 2317 ‘²
396 2294 491 2333 Still
515 2307 561 2332 so
587 2294 733 2333 called.
793 2293 835 2332 It
861 2294 894 2332 is
920 2294 1012 2332 lead
1040 2294 1245 2345 susphide,
1274 2294 1345 2332 the
1372 2298 1485 2333 most
1509 2294 1644 2332 useful
1671 2293 1763 2332 lead

292 2361 374 2387 ore.
435 2348 515 2385 For
534 2348 675 2397 yolena
697 2348 739 2386 in
759 2361 784 2386 a
804 2347 1000 2385 different
1021 2361 1151 2392 senso,
1174 2360 1240 2385 see
1263 2347 1470 2386 XXXIV.
1497 2349 1584 2386 159.

353 2401 367 2424 ¹³
397 2401 559 2451 Taking
585 2400 763 2451 μέταλλα
788 2414 834 2438 as
861 2400 997 2449 (ἄλλα)
1022 2400 1111 2450 μετ’
1139 2400 1240 2439 ἅλλα
1262 2406 1364 2438 ‘one
1384 2400 1493 2440 after
1513 2399 1731 2438 another’.

348 2460 361 2477 ⁶
394 2454 586 2504 Possibly
617 2454 773 2492 carbon
802 2454 985 2499 dioxide,
1017 2454 1165 2500 which,
1196 2455 1308 2492 since
1335 2455 1370 2492 it
1396 2454 1471 2493 lies
1499 2454 1592 2501 low,
1622 2453 1760 2492 would

294 2508 421 2546 affeet
441 2507 545 2558 dogs
568 2507 708 2545 before
730 2520 838 2545 nien.

296 2598 351 2642 74
