<?xml version="1.0" encoding="UTF-8"?>
<!DOCTYPE html PUBLIC "-//W3C//DTD XHTML 1.0 Transitional//EN"
    "http://www.w3.org/TR/xhtml1/DTD/xhtml1-transitional.dtd">
<html xmlns="http://www.w3.org/1999/xhtml" xml:lang="en" lang="en">
 <head>
  <title>
</title>
<meta http-equiv="Content-Type" content="text/html;charset=utf-8" />
  <meta name='ocr-system' content='tesseract 3.04.00' />
  <meta name='ocr-capabilities' content='ocr_page ocr_carea ocr_par ocr_line ocrx_word'/>
</head>
<body>
  <div class='ocr_page' id='page_1' title='image "./naturalhistory09plinuoft_0048.png"; bbox 0 0 1873 3020; ppageno 0'>
   <div class='ocr_carea' id='block_1_1' title="bbox 197 359 248 395">
    <p class='ocr_par' dir='ltr' id='par_1_1' title="bbox 197 359 248 395">
     <span class='ocr_line' id='line_1_1' title="bbox 197 359 248 395; baseline 0.039 -2"><span class='ocrx_word' id='word_1_1' title='bbox 197 359 248 395; x_wconf 82' lang='lat'><strong>43</strong></span> 
     </span>
    </p>
   </div>
   <div class='ocr_carea' id='block_1_2' title="bbox 202 1133 255 1169">
    <p class='ocr_par' dir='ltr' id='par_1_2' title="bbox 202 1133 255 1169">
     <span class='ocr_line' id='line_1_2' title="bbox 202 1133 255 1169; baseline 0 0"><span class='ocrx_word' id='word_1_2' title='bbox 202 1133 255 1169; x_wconf 88' lang='grc'><strong>44</strong></span> 
     </span>
    </p>
   </div>
   <div class='ocr_carea' id='block_1_3' title="bbox 206 1910 258 1948">
    <p class='ocr_par' dir='ltr' id='par_1_3' title="bbox 206 1910 258 1948">
     <span class='ocr_line' id='line_1_3' title="bbox 206 1910 258 1948; baseline 0.038 -2"><span class='ocrx_word' id='word_1_3' title='bbox 206 1910 258 1948; x_wconf 88' lang='grc'><strong>45</strong></span> 
     </span>
    </p>
   </div>
   <div class='ocr_carea' id='block_1_4' title="bbox 541 218 1494 268">
    <p class='ocr_par' dir='ltr' id='par_1_4' title="bbox 541 218 1494 268">
     <span class='ocr_line' id='line_1_4' title="bbox 541 218 1494 268; baseline -0.001 -1"><span class='ocrx_word' id='word_1_4' title='bbox 541 221 747 268; x_wconf 93' lang='lat' dir='ltr'>PLINY</span> <span class='ocrx_word' id='word_1_5' title='bbox 765 238 775 267; x_wconf 92' lang='lat'>:</span> <span class='ocrx_word' id='word_1_6' title='bbox 829 220 1155 268; x_wconf 89' lang='lat' dir='ltr'>NATURAL</span> <span class='ocrx_word' id='word_1_7' title='bbox 1200 218 1494 267; x_wconf 89' lang='lat' dir='ltr'>HISTORY</span> 
     </span>
    </p>
   </div>
   <div class='ocr_carea' id='block_1_5' title="bbox 281 346 1756 2159">
    <p class='ocr_par' dir='ltr' id='par_1_5' title="bbox 281 346 1753 1090">
     <span class='ocr_line' id='line_1_5' title="bbox 281 346 1749 412; baseline -0.003 -16"><span class='ocrx_word' id='word_1_8' title='bbox 281 350 514 412; x_wconf 88' lang='lat' dir='ltr'><strong>inpendia</strong></span> <span class='ocrx_word' id='word_1_9' title='bbox 554 357 606 395; x_wconf 94' lang='lat' dir='ltr'><strong>et</strong></span> <span class='ocrx_word' id='word_1_10' title='bbox 643 348 947 411; x_wconf 81' lang='lat' dir='ltr'><strong>dependere,</strong></span> <span class='ocrx_word' id='word_1_11' title='bbox 986 353 1104 411; x_wconf 90' lang='lat' dir='ltr'><strong>quin</strong></span> <span class='ocrx_word' id='word_1_12' title='bbox 1144 357 1196 393; x_wconf 86' lang='lat' dir='ltr'><strong>et</strong></span> <span class='ocrx_word' id='word_1_13' title='bbox 1234 348 1445 393; x_wconf 88' lang='lat' dir='ltr'><strong>militurn</strong></span> <span class='ocrx_word' id='word_1_14' title='bbox 1484 346 1749 408; x_wconf 83' lang='lat' dir='ltr'><strong>stipendia,</strong></span> 
     </span>
     <span class='ocr_line' id='line_1_6' title="bbox 283 443 1749 508; baseline -0.003 -16"><span class='ocrx_word' id='word_1_15' title='bbox 283 447 373 493; x_wconf 89' lang='lat' dir='ltr'><strong>hoc</strong></span> <span class='ocrx_word' id='word_1_16' title='bbox 394 455 469 493; x_wconf 85' lang='lat' dir='ltr'><strong>est</strong></span> <span class='ocrx_word' id='word_1_17' title='bbox 489 450 628 508; x_wconf 84' lang='lat' dir='ltr'><strong>stipis</strong></span> <span class='ocrx_word' id='word_1_18' title='bbox 650 446 889 508; x_wconf 82' lang='lat' dir='ltr'><strong>pondera,</strong></span> <span class='ocrx_word' id='word_1_19' title='bbox 908 445 1294 507; x_wconf 79' lang='lat' dir='ltr'><strong>dispensatores,</strong></span> <span class='ocrx_word' id='word_1_20' title='bbox 1317 443 1631 505; x_wconf 88' lang='lat' dir='ltr'><strong>libripendes,</strong></span> <span class='ocrx_word' id='word_1_21' title='bbox 1652 459 1749 505; x_wconf 84' lang='lat' dir='ltr'><strong>qua</strong></span> 
     </span>
     <span class='ocr_line' id='line_1_7' title="bbox 281 542 1750 604; baseline -0.003 -14"><span class='ocrx_word' id='word_1_22' title='bbox 281 543 642 590; x_wconf 85' lang='lat' dir='ltr'><strong>consuetudine</strong></span> <span class='ocrx_word' id='word_1_23' title='bbox 671 546 719 588; x_wconf 91' lang='lat' dir='ltr'><strong>in</strong></span> <span class='ocrx_word' id='word_1_24' title='bbox 749 546 804 588; x_wconf 91' lang='lat' dir='ltr'><strong>iis</strong></span> <span class='ocrx_word' id='word_1_25' title='bbox 835 542 1188 604; x_wconf 82' lang='lat' dir='ltr'><strong>emptionibus,</strong></span> <span class='ocrx_word' id='word_1_26' title='bbox 1217 557 1347 604; x_wconf 88' lang='lat' dir='ltr'><strong>quae</strong></span> <span class='ocrx_word' id='word_1_27' title='bbox 1375 543 1588 602; x_wconf 84' lang='lat' dir='ltr'><strong>mancipi</strong></span> <span class='ocrx_word' id='word_1_28' title='bbox 1617 546 1750 594; x_wconf 86' lang='lat' dir='ltr'><strong>sunt,</strong></span> 
     </span>
     <span class='ocr_line' id='line_1_8' title="bbox 284 637 1750 701; baseline -0.003 -15"><span class='ocrx_word' id='word_1_29' title='bbox 284 644 436 686; x_wconf 90' lang='lat' dir='ltr'><strong>etiam</strong></span> <span class='ocrx_word' id='word_1_30' title='bbox 473 657 602 686; x_wconf 89' lang='lat' dir='ltr'><strong>nunc</strong></span> <span class='ocrx_word' id='word_1_31' title='bbox 640 640 760 685; x_wconf 85' lang='lat' dir='ltr'><strong>libra</strong></span> <span class='ocrx_word' id='word_1_32' title='bbox 796 642 1144 701; x_wconf 81' lang='lat' dir='ltr'><strong>interponitur.</strong></span> <span class='ocrx_word' id='word_1_33' title='bbox 1212 637 1407 683; x_wconf 88' lang='lat' dir='ltr'><strong>Servius</strong></span> <span class='ocrx_word' id='word_1_34' title='bbox 1443 653 1531 683; x_wconf 90' lang='lat' dir='ltr'><strong>rex</strong></span> <span class='ocrx_word' id='word_1_35' title='bbox 1565 640 1750 699; x_wconf 90' lang='lat' dir='ltr'><strong>primus</strong></span> 
     </span>
     <span class='ocr_line' id='line_1_9' title="bbox 283 733 1749 800; baseline -0.003 -17"><span class='ocrx_word' id='word_1_36' title='bbox 283 741 498 800; x_wconf 86' lang='lat' dir='ltr'><strong>signavit</strong></span> <span class='ocrx_word' id='word_1_37' title='bbox 517 753 617 783; x_wconf 90' lang='lat' dir='ltr'><strong>aes.</strong></span> <span class='ocrx_word' id='word_1_38' title='bbox 685 743 838 782; x_wconf 90' lang='lat' dir='ltr'><strong>antea</strong></span> <span class='ocrx_word' id='word_1_39' title='bbox 858 736 966 782; x_wconf 88' lang='lat' dir='ltr'><strong>rudi</strong></span> <span class='ocrx_word' id='word_1_40' title='bbox 987 752 1099 782; x_wconf 87' lang='lat' dir='ltr'><strong>usos</strong></span> <span class='ocrx_word' id='word_1_41' title='bbox 1120 735 1308 781; x_wconf 86' lang='lat' dir='ltr'><strong>Romae</strong></span> <span class='ocrx_word' id='word_1_42' title='bbox 1328 735 1559 780; x_wconf 90' lang='lat' dir='ltr'><strong>Timaeus</strong></span> <span class='ocrx_word' id='word_1_43' title='bbox 1579 733 1749 779; x_wconf 79' lang='lat' dir='ltr'><strong>tradit.</strong></span> 
     </span>
     <span class='ocr_line' id='line_1_10' title="bbox 284 830 1752 897; baseline -0.003 -17"><span class='ocrx_word' id='word_1_44' title='bbox 284 838 536 897; x_wconf 85' lang='lat' dir='ltr'><strong>signatum</strong></span> <span class='ocrx_word' id='word_1_45' title='bbox 564 840 642 880; x_wconf 86' lang='lat' dir='ltr'><strong>est</strong></span> <span class='ocrx_word' id='word_1_46' title='bbox 667 840 789 880; x_wconf 88' lang='lat' dir='ltr'><strong>nota</strong></span> <span class='ocrx_word' id='word_1_47' title='bbox 816 832 1082 895; x_wconf 87' lang='lat' dir='ltr'><strong>pecudum,</strong></span> <span class='ocrx_word' id='word_1_48' title='bbox 1110 832 1242 878; x_wconf 90' lang='lat' dir='ltr'><strong>unde</strong></span> <span class='ocrx_word' id='word_1_49' title='bbox 1270 838 1323 878; x_wconf 92' lang='lat' dir='ltr'><strong>et</strong></span> <span class='ocrx_word' id='word_1_50' title='bbox 1348 834 1557 894; x_wconf 88' lang='lat' dir='ltr'><strong>pecunia</strong></span> <span class='ocrx_word' id='word_1_51' title='bbox 1584 830 1752 892; x_wconf 87' lang='lat' dir='ltr'><strong>appel-</strong></span> 
     </span>
     <span class='ocr_line' id='line_1_11' title="bbox 284 928 1753 990; baseline -0.002 -14"><span class='ocrx_word' id='word_1_52' title='bbox 284 931 401 977; x_wconf 87' lang='lat' dir='ltr'><strong>lata.</strong></span> <span class='ocrx_word' id='word_1_53' title='bbox 469 934 714 976; x_wconf 88' lang='lat' dir='ltr'><strong>maximus</strong></span> <span class='ocrx_word' id='word_1_54' title='bbox 746 947 921 976; x_wconf 87' lang='lat' dir='ltr'><strong>census</strong></span> <span class='ocrx_word' id='word_1_55' title='bbox 955 939 1045 978; x_wconf 58' lang='grc' dir='ltr'><strong>ᾶῖ(</strong></span> <span class='ocrx_word' id='word_1_56' title='bbox 1076 933 1258 975; x_wconf 89' lang='lat' dir='ltr'><strong>assium</strong></span> <span class='ocrx_word' id='word_1_57' title='bbox 1291 928 1387 974; x_wconf 84' lang='lat' dir='ltr'><strong>fuit</strong></span> <span class='ocrx_word' id='word_1_58' title='bbox 1417 928 1499 974; x_wconf 84' lang='lat' dir='ltr'><strong>illo</strong></span> <span class='ocrx_word' id='word_1_59' title='bbox 1532 944 1668 990; x_wconf 84' lang='lat' dir='ltr'><strong>rege,</strong></span> <span class='ocrx_word' id='word_1_60' title='bbox 1700 935 1753 973; x_wconf 87' lang='lat' dir='ltr'><strong>et</strong></span> 
     </span>
     <span class='ocr_line' id='line_1_12' title="bbox 286 1028 931 1090; baseline 0 -17"><span class='ocrx_word' id='word_1_61' title='bbox 286 1028 397 1074; x_wconf 89' lang='lat' dir='ltr'><strong>ideo</strong></span> <span class='ocrx_word' id='word_1_62' title='bbox 421 1028 545 1073; x_wconf 89' lang='lat' dir='ltr'><strong>haec</strong></span> <span class='ocrx_word' id='word_1_63' title='bbox 569 1031 725 1090; x_wconf 89' lang='lat' dir='ltr'><strong>prima</strong></span> <span class='ocrx_word' id='word_1_64' title='bbox 749 1028 931 1074; x_wconf 87' lang='lat' dir='ltr'><strong>classis.</strong></span> 
     </span>
    </p>

    <p class='ocr_par' dir='ltr' id='par_1_6' title="bbox 285 1121 1756 2159">
     <span class='ocr_line' id='line_1_13' title="bbox 349 1121 1750 1188; baseline -0.003 -17"><span class='ocrx_word' id='word_1_65' title='bbox 349 1126 632 1187; x_wconf 84' lang='lat' dir='ltr'><strong>Argentum</strong></span> <span class='ocrx_word' id='word_1_66' title='bbox 683 1128 937 1188; x_wconf 85' lang='lat' dir='ltr'><strong>signatum</strong></span> <span class='ocrx_word' id='word_1_67' title='bbox 984 1141 1114 1170; x_wconf 85' lang='lat' dir='ltr'><strong>anno</strong></span> <span class='ocrx_word' id='word_1_68' title='bbox 1161 1123 1293 1170; x_wconf 89' lang='lat' dir='ltr'><strong>urbis</strong></span> <span class='ocrx_word' id='word_1_69' title='bbox 1341 1121 1643 1177; x_wconf 78' lang='lat' dir='ltr'><strong>ccchxxxv,²</strong></span> <span class='ocrx_word' id='word_1_70' title='bbox 1690 1121 1750 1180; x_wconf 83' lang='lat' dir='ltr'><strong>Q.</strong></span> 
     </span>
     <span class='ocr_line' id='line_1_14' title="bbox 288 1221 1752 1285; baseline -0.003 -17"><span class='ocrx_word' id='word_1_71' title='bbox 288 1222 504 1285; x_wconf 84' lang='lat' dir='ltr'><strong>Ogulnio</strong></span> <span class='ocrx_word' id='word_1_72' title='bbox 537 1221 590 1268; x_wconf 89' lang='lat' dir='ltr'><strong>C.</strong></span> <span class='ocrx_word' id='word_1_73' title='bbox 626 1222 780 1268; x_wconf 92' lang='lat' dir='ltr'><strong>Fabio</strong></span> <span class='ocrx_word' id='word_1_74' title='bbox 812 1238 929 1277; x_wconf 69' lang='lat' dir='ltr'><strong>cos,</strong></span> <span class='ocrx_word' id='word_1_75' title='bbox 961 1225 1182 1284; x_wconf 91' lang='lat' dir='ltr'><strong>quinque</strong></span> <span class='ocrx_word' id='word_1_76' title='bbox 1214 1224 1354 1266; x_wconf 91' lang='lat' dir='ltr'><strong>annis</strong></span> <span class='ocrx_word' id='word_1_77' title='bbox 1387 1227 1506 1266; x_wconf 87' lang='lat' dir='ltr'><strong>ante</strong></span> <span class='ocrx_word' id='word_1_78' title='bbox 1540 1223 1752 1282; x_wconf 90' lang='lat' dir='ltr'><strong>primurn</strong></span> 
     </span>
     <span class='ocr_line' id='line_1_15' title="bbox 286 1316 1753 1381; baseline -0.003 -16"><span class='ocrx_word' id='word_1_79' title='bbox 286 1318 526 1365; x_wconf 90' lang='lat' dir='ltr'><strong>Punicum</strong></span> <span class='ocrx_word' id='word_1_80' title='bbox 561 1318 762 1365; x_wconf 91' lang='lat' dir='ltr'><strong>bellum.</strong></span> <span class='ocrx_word' id='word_1_81' title='bbox 832 1326 885 1365; x_wconf 92' lang='lat' dir='ltr'><strong>et</strong></span> <span class='ocrx_word' id='word_1_82' title='bbox 918 1318 1107 1381; x_wconf 82' lang='lat' dir='ltr'><strong>placuit</strong></span> <span class='ocrx_word' id='word_1_83' title='bbox 1141 1318 1400 1364; x_wconf 87' lang='lat' dir='ltr'><strong>denarium</strong></span> <span class='ocrx_word' id='word_1_84' title='bbox 1436 1334 1524 1379; x_wconf 89' lang='lat' dir='ltr'><strong>pro</strong></span> <span class='ocrx_word' id='word_1_85' title='bbox 1558 1332 1587 1362; x_wconf 87' lang='lat' dir='ltr'>x</span> <span class='ocrx_word' id='word_1_86' title='bbox 1621 1316 1753 1362; x_wconf 89' lang='lat' dir='ltr'><strong>libris</strong></span> 
     </span>
     <span class='ocr_line' id='line_1_16' title="bbox 286 1414 1754 1479; baseline -0.002 -17"><span class='ocrx_word' id='word_1_87' title='bbox 286 1420 411 1462; x_wconf 88' lang='lat' dir='ltr'><strong>aeris</strong></span> <span class='ocrx_word' id='word_1_88' title='bbox 439 1416 621 1471; x_wconf 84' lang='lat' dir='ltr'><strong>valere,</strong></span> <span class='ocrx_word' id='word_1_89' title='bbox 647 1419 928 1479; x_wconf 88' lang='lat' dir='ltr'><strong>quinarium</strong></span> <span class='ocrx_word' id='word_1_90' title='bbox 954 1432 1043 1478; x_wconf 93' lang='lat' dir='ltr'><strong>pro</strong></span> <span class='ocrx_word' id='word_1_91' title='bbox 1068 1431 1115 1469; x_wconf 89' lang='lat' dir='ltr'><strong>v,</strong></span> <span class='ocrx_word' id='word_1_92' title='bbox 1140 1418 1427 1461; x_wconf 86' lang='lat' dir='ltr'><strong>sestertium</strong></span> <span class='ocrx_word' id='word_1_93' title='bbox 1453 1431 1541 1477; x_wconf 92' lang='lat' dir='ltr'><strong>pro</strong></span> <span class='ocrx_word' id='word_1_94' title='bbox 1566 1414 1754 1475; x_wconf 90' lang='lat' dir='ltr'><strong>dupon-</strong></span> 
     </span>
     <span class='ocr_line' id='line_1_17' title="bbox 286 1513 1753 1579; baseline -0.002 -19"><span class='ocrx_word' id='word_1_95' title='bbox 286 1514 368 1561; x_wconf 90' lang='lat' dir='ltr'><strong>dio</strong></span> <span class='ocrx_word' id='word_1_96' title='bbox 384 1531 441 1560; x_wconf 92' lang='lat' dir='ltr'><strong>ac</strong></span> <span class='ocrx_word' id='word_1_97' title='bbox 456 1517 675 1560; x_wconf 86' lang='lat' dir='ltr'><strong>semisse.</strong></span> <span class='ocrx_word' id='word_1_98' title='bbox 728 1514 900 1560; x_wconf 87' lang='lat' dir='ltr'><strong>librale</strong></span> <span class='ocrx_word' id='word_1_99' title='bbox 916 1521 1088 1560; x_wconf 90' lang='lat' dir='ltr'><strong>autem</strong></span> <span class='ocrx_word' id='word_1_100' title='bbox 1103 1513 1295 1576; x_wconf 91' lang='lat' dir='ltr'><strong>pondus</strong></span> <span class='ocrx_word' id='word_1_101' title='bbox 1313 1516 1438 1558; x_wconf 88' lang='lat' dir='ltr'><strong>aeris</strong></span> <span class='ocrx_word' id='word_1_102' title='bbox 1454 1515 1753 1579; x_wconf 85' lang='lat' dir='ltr'><strong>inminutum</strong></span> 
     </span>
     <span class='ocr_line' id='line_1_18' title="bbox 288 1610 1752 1673; baseline -0.002 -16"><span class='ocrx_word' id='word_1_103' title='bbox 288 1618 365 1657; x_wconf 88' lang='lat' dir='ltr'><strong>est</strong></span> <span class='ocrx_word' id='word_1_104' title='bbox 406 1611 537 1657; x_wconf 90' lang='lat' dir='ltr'><strong>bello</strong></span> <span class='ocrx_word' id='word_1_105' title='bbox 581 1610 766 1657; x_wconf 88' lang='lat' dir='ltr'><strong>Punico</strong></span> <span class='ocrx_word' id='word_1_106' title='bbox 809 1614 984 1673; x_wconf 89' lang='lat' dir='ltr'><strong>primo,</strong></span> <span class='ocrx_word' id='word_1_107' title='bbox 1027 1627 1139 1657; x_wconf 91' lang='lat' dir='ltr'><strong>cum</strong></span> <span class='ocrx_word' id='word_1_108' title='bbox 1185 1614 1400 1672; x_wconf 89' lang='lat' dir='ltr'><strong>inpensis</strong></span> <span class='ocrx_word' id='word_1_109' title='bbox 1444 1626 1520 1655; x_wconf 89' lang='lat' dir='ltr'><strong>res</strong></span> <span class='ocrx_word' id='word_1_110' title='bbox 1564 1626 1611 1672; x_wconf 91' lang='lat' dir='ltr'><strong>p.</strong></span> <span class='ocrx_word' id='word_1_111' title='bbox 1658 1626 1752 1654; x_wconf 89' lang='lat' dir='ltr'><strong>non</strong></span> 
     </span>
     <span class='ocr_line' id='line_1_19' title="bbox 285 1706 1756 1771; baseline -0.001 -17"><span class='ocrx_word' id='word_1_112' title='bbox 285 1708 987 1771; x_wconf 89' lang='lat' dir='ltr'><strong>sufficeret,constitutumque</strong></span> <span class='ocrx_word' id='word_1_113' title='bbox 1002 1715 1058 1754; x_wconf 91' lang='lat' dir='ltr'><strong>ut</strong></span> <span class='ocrx_word' id='word_1_114' title='bbox 1070 1723 1202 1754; x_wconf 89' lang='lat' dir='ltr'><strong>asses</strong></span> <span class='ocrx_word' id='word_1_115' title='bbox 1215 1710 1524 1754; x_wconf 86' lang='lat' dir='ltr'><strong>sextantario</strong></span> <span class='ocrx_word' id='word_1_116' title='bbox 1536 1706 1756 1769; x_wconf 91' lang='lat' dir='ltr'><strong>pondere</strong></span> 
     </span>
     <span class='ocr_line' id='line_1_20' title="bbox 288 1803 1756 1868; baseline -0.001 -18"><span class='ocrx_word' id='word_1_117' title='bbox 288 1805 568 1852; x_wconf 87' lang='lat' dir='ltr'><strong>ferirentur.</strong></span> <span class='ocrx_word' id='word_1_118' title='bbox 636 1809 708 1851; x_wconf 87' lang='lat' dir='ltr'><strong>ita</strong></span> <span class='ocrx_word' id='word_1_119' title='bbox 740 1809 959 1868; x_wconf 89' lang='lat' dir='ltr'><strong>quinque</strong></span> <span class='ocrx_word' id='word_1_120' title='bbox 989 1812 1159 1867; x_wconf 89' lang='lat' dir='ltr'><strong>partes</strong></span> <span class='ocrx_word' id='word_1_121' title='bbox 1190 1804 1309 1850; x_wconf 92' lang='lat' dir='ltr'><strong>lucri</strong></span> <span class='ocrx_word' id='word_1_122' title='bbox 1340 1803 1523 1859; x_wconf 84' lang='lat' dir='ltr'><strong>factae,</strong></span> <span class='ocrx_word' id='word_1_123' title='bbox 1552 1803 1756 1850; x_wconf 89' lang='lat' dir='ltr'><strong>dissolu-</strong></span> 
     </span>
     <span class='ocr_line' id='line_1_21' title="bbox 290 1900 1756 1965; baseline -0.001 -17"><span class='ocrx_word' id='word_1_124' title='bbox 290 1909 499 1965; x_wconf 86' lang='lat' dir='ltr'><strong>tumque</strong></span> <span class='ocrx_word' id='word_1_125' title='bbox 529 1919 612 1948; x_wconf 86' lang='lat' dir='ltr'><strong>aes</strong></span> <span class='ocrx_word' id='word_1_126' title='bbox 642 1902 874 1948; x_wconf 90' lang='lat' dir='ltr'><strong>alienum.</strong></span> <span class='ocrx_word' id='word_1_127' title='bbox 943 1909 1063 1948; x_wconf 85' lang='lat' dir='ltr'><strong>nota</strong></span> <span class='ocrx_word' id='word_1_128' title='bbox 1092 1905 1217 1948; x_wconf 89' lang='lat' dir='ltr'><strong>aeris</strong></span> <span class='ocrx_word' id='word_1_129' title='bbox 1248 1905 1352 1948; x_wconf 88' lang='lat' dir='ltr'><strong>eius</strong></span> <span class='ocrx_word' id='word_1_130' title='bbox 1381 1900 1477 1947; x_wconf 91' lang='lat' dir='ltr'><strong>fuit</strong></span> <span class='ocrx_word' id='word_1_131' title='bbox 1507 1917 1569 1947; x_wconf 88' lang='lat' dir='ltr'><strong>ex</strong></span> <span class='ocrx_word' id='word_1_132' title='bbox 1598 1901 1756 1947; x_wconf 89' lang='lat' dir='ltr'><strong>altera</strong></span> 
     </span>
     <span class='ocr_line' id='line_1_22' title="bbox 291 1999 1755 2062; baseline -0.001 -17"><span class='ocrx_word' id='word_1_133' title='bbox 291 2007 434 2061; x_wconf 88' lang='lat' dir='ltr'><strong>parte</strong></span> <span class='ocrx_word' id='word_1_134' title='bbox 477 1999 626 2045; x_wconf 87' lang='lat' dir='ltr'><strong>Ianus</strong></span> <span class='ocrx_word' id='word_1_135' title='bbox 667 2003 912 2062; x_wconf 86' lang='lat' dir='ltr'><strong>geminus,</strong></span> <span class='ocrx_word' id='word_1_136' title='bbox 955 2016 1017 2046; x_wconf 87' lang='lat' dir='ltr'><strong>ex</strong></span> <span class='ocrx_word' id='word_1_137' title='bbox 1059 1999 1218 2045; x_wconf 86' lang='lat' dir='ltr'><strong>altera</strong></span> <span class='ocrx_word' id='word_1_138' title='bbox 1257 2006 1470 2044; x_wconf 89' lang='lat' dir='ltr'><strong>rostrum</strong></span> <span class='ocrx_word' id='word_1_139' title='bbox 1512 2001 1666 2053; x_wconf 90' lang='lat' dir='ltr'><strong>navis,</strong></span> <span class='ocrx_word' id='word_1_140' title='bbox 1706 2001 1755 2043; x_wconf 90' lang='lat' dir='ltr'><strong>in</strong></span> 
     </span>
     <span class='ocr_line' id='line_1_23' title="bbox 291 2095 1755 2159; baseline -0.001 -17"><span class='ocrx_word' id='word_1_141' title='bbox 291 2100 476 2142; x_wconf 89' lang='lat' dir='ltr'><strong>triente</strong></span> <span class='ocrx_word' id='word_1_142' title='bbox 520 2113 635 2143; x_wconf 90' lang='lat' dir='ltr'><strong>vero</strong></span> <span class='ocrx_word' id='word_1_143' title='bbox 679 2104 732 2143; x_wconf 86' lang='lat' dir='ltr'><strong>et</strong></span> <span class='ocrx_word' id='word_1_144' title='bbox 774 2097 1055 2159; x_wconf 83' lang='lat' dir='ltr'><strong>quadrante</strong></span> <span class='ocrx_word' id='word_1_145' title='bbox 1098 2102 1246 2142; x_wconf 90' lang='lat' dir='ltr'><strong>rates.</strong></span> <span class='ocrx_word' id='word_1_146' title='bbox 1315 2095 1563 2158; x_wconf 87' lang='lat' dir='ltr'><strong>quadrans</strong></span> <span class='ocrx_word' id='word_1_147' title='bbox 1605 2102 1755 2141; x_wconf 88' lang='lat' dir='ltr'><strong>antea</strong></span> 
     </span>
    </p>
   </div>
   <div class='ocr_carea' id='block_1_6' title="bbox 293 2191 1756 2255">
    <p class='ocr_par' dir='ltr' id='par_1_7' title="bbox 293 2191 1756 2255">
     <span class='ocr_line' id='line_1_24' title="bbox 293 2191 1756 2255; baseline 0 -16"><span class='ocrx_word' id='word_1_148' title='bbox 293 2197 542 2239; x_wconf 83' lang='lat' dir='ltr'><strong>teruncius</strong></span> <span class='ocrx_word' id='word_1_149' title='bbox 569 2201 771 2240; x_wconf 86' lang='lat' dir='ltr'><strong>vocatus</strong></span> <span class='ocrx_word' id='word_1_150' title='bbox 798 2210 825 2239; x_wconf 91' lang='lat' dir='ltr'><strong>a</strong></span> <span class='ocrx_word' id='word_1_151' title='bbox 853 2194 1010 2240; x_wconf 89' lang='lat' dir='ltr'><strong>tribus</strong></span> <span class='ocrx_word' id='word_1_152' title='bbox 1037 2196 1207 2239; x_wconf 88' lang='lat' dir='ltr'><strong>unciis.</strong></span> <span class='ocrx_word' id='word_1_153' title='bbox 1273 2199 1450 2255; x_wconf 85' lang='lat' dir='ltr'><strong>postea</strong></span> <span class='ocrx_word' id='word_1_154' title='bbox 1475 2191 1756 2239; x_wconf 85' lang='lat' dir='ltr'><strong>Hannibale</strong></span> 
     </span>
    </p>
   </div>
   <div class='ocr_carea' id='block_1_7' title="bbox 382 2320 1668 2360">
    <p class='ocr_par' dir='ltr' id='par_1_8' title="bbox 382 2320 1668 2360">
     <span class='ocr_line' id='line_1_25' title="bbox 382 2320 1668 2360; baseline -0.002 0"><span class='ocrx_word' id='word_1_155' title='bbox 382 2323 395 2344; x_wconf 76' lang='lat'>²</span> <span class='ocrx_word' id='word_1_156' title='bbox 425 2332 688 2360; x_wconf 52' lang='lat' dir='ltr'><strong>cccclxxxv</strong></span> <span class='ocrx_word' id='word_1_157' title='bbox 711 2321 936 2360; x_wconf 72' lang='lat' dir='ltr'><strong>Cellarius:</strong></span> <span class='ocrx_word' id='word_1_158' title='bbox 969 2330 1265 2360; x_wconf 77' lang='lat' dir='ltr'><strong>occhxxxxv</strong></span> <span class='ocrx_word' id='word_1_159' title='bbox 1287 2320 1345 2359; x_wconf 91' lang='lat' dir='ltr'><strong>B:</strong></span> <span class='ocrx_word' id='word_1_160' title='bbox 1378 2330 1565 2359; x_wconf 81' lang='lat' dir='ltr'><strong>DLxxxv</strong></span> <span class='ocrx_word' id='word_1_161' title='bbox 1585 2320 1668 2359; x_wconf 80' lang='lat' dir='ltr'><strong>rell.</strong></span> 
     </span>
    </p>
   </div>
   <div class='ocr_carea' id='block_1_8' title="bbox 308 2443 498 2449">
    <p class='ocr_par' dir='ltr' id='par_1_9' title="bbox 308 2443 498 2449">
     <span class='ocr_line' id='line_1_26' title="bbox 308 2443 498 2449; baseline 0 0"><span class='ocrx_word' id='word_1_162' title='bbox 308 2443 498 2449; x_wconf 95' lang='lat' dir='ltr'><strong> </strong></span> 
     </span>
    </p>
   </div>
   <div class='ocr_carea' id='block_1_9' title="bbox 504 2443 782 2448">
    <p class='ocr_par' dir='ltr' id='par_1_10' title="bbox 504 2443 782 2448">
     <span class='ocr_line' id='line_1_27' title="bbox 504 2443 782 2448; baseline 0 0"><span class='ocrx_word' id='word_1_163' title='bbox 504 2443 782 2448; x_wconf 95' lang='lat' dir='ltr'><strong> </strong></span> 
     </span>
    </p>
   </div>
   <div class='ocr_carea' id='block_1_10' title="bbox 899 2530 1184 2569">
    <p class='ocr_par' dir='ltr' id='par_1_11' title="bbox 899 2530 1184 2569">
     <span class='ocr_line' id='line_1_28' title="bbox 899 2530 1184 2569; baseline 0 -1"><span class='ocrx_word' id='word_1_164' title='bbox 899 2534 917 2553; x_wconf 82' lang='lat'><strong>‘³</strong></span> <span class='ocrx_word' id='word_1_165' title='bbox 945 2530 1019 2569; x_wconf 77' lang='lat' dir='ltr'><strong>Le.</strong></span> <span class='ocrx_word' id='word_1_166' title='bbox 1045 2543 1098 2568; x_wconf 83' lang='lat' dir='ltr'><strong>an</strong></span> <span class='ocrx_word' id='word_1_167' title='bbox 1123 2543 1184 2569; x_wconf 77' lang='lat' dir='ltr'><strong>as.</strong></span> 
     </span>
    </p>
   </div>
  </div>
 </body>
</html>
