1899 3015
220 413 291 450 173

219 1219 295 1256 174

221 1731 294 1770 175

572 203 816 249 PLINY:
875 203 1205 249 NATURAL
1247 201 1543 249 HISTORY

330 331 632 377 Halicarnasi
701 329 931 383 Mausoli,
996 345 1124 391 quae
1188 332 1340 375 etiam
1404 345 1533 374 nunc
1596 328 1791 375 durant.

330 405 705 450 Lacedaemone
748 403 949 465 quidem
992 403 1221 448 latericiis
1263 403 1534 464 parietibus
1576 405 1793 448 excisum

326 495 447 540 opus
476 480 739 523 tectorium
769 484 970 538 propter
998 476 1344 522 excellentiam
1372 479 1594 537 picturae
1621 475 1794 538 ligneis

328 551 493 597 formis
537 550 776 596 inclusum
823 551 1030 596 Romam
1075 549 1402 611 deportavere
1445 552 1494 594 in
1539 548 1794 594 aedilitate

327 625 389 671 ad
427 627 683 671 comitium
722 623 1063 669 exornandum
1105 622 1319 668 Murena
1358 629 1409 668 et
1447 622 1615 668 Varro.
1683 639 1793 668 cum

327 715 448 760 opus
494 715 582 759 per
626 714 678 742 se
724 700 901 742 mirum
949 703 1097 751 esset,
1142 696 1379 742 tralatum
1424 702 1594 741 tamen
1638 698 1795 758 magis

328 772 649 817 mirabantur.
718 773 767 815 in
838 770 980 816 Italia
1049 785 1246 831 quoque
1314 769 1561 814 latericius
1628 785 1795 814 murus

327 847 493 890 Arreti
544 851 595 889 et
646 843 911 889 Mevaniae
961 850 1051 889 est.
1121 843 1309 888 Romae
1357 859 1455 888 non
1504 842 1630 888 fiunt
1677 842 1794 887 talia

328 918 567 972 aedificia,
608 920 723 979 quia
763 916 1119 978 sesquipedalis
1160 919 1319 978 paries
1360 932 1458 961 non
1498 915 1606 977 plus
1646 932 1795 977 quam

329 1008 477 1037 unam
525 994 950 1053 contignationem
998 990 1196 1044 tolerat,
1242 996 1545 1051 cautumque
1593 995 1686 1043 est,
1734 1004 1795 1034 ne

326 1068 597 1110 communis
650 1067 854 1109 crassior
906 1064 1009 1117 fiat,
1063 1079 1153 1108 nec
1205 1065 1617 1125 intergerivorum
1669 1065 1795 1108 ratio

334 1141 534 1200 patitur.

394 1211 448 1257 L.
487 1211 624 1256 Haec
654 1213 753 1256 sint
782 1210 915 1256 dicta
944 1211 1006 1256 de
1037 1210 1287 1255 lateribus.
1356 1212 1405 1254 in
1433 1216 1596 1255 terrae
1626 1215 1794 1255 autem

333 1284 530 1346 reliquis
586 1284 850 1346 generibus
907 1283 983 1328 vel
1039 1286 1254 1328 maxime
1310 1285 1433 1328 mira
1488 1289 1665 1328 natura
1720 1289 1795 1327 est

327 1357 553 1419 sulpuris,
585 1374 682 1419 quo
713 1357 924 1418 plurima
955 1357 1235 1402 domantur.
1304 1359 1521 1401 nascitur
1549 1358 1598 1400 in
1629 1355 1794 1401 insulis

329 1431 511 1476 Aeoliis
533 1434 663 1476 inter
685 1430 897 1475 Siciliam
920 1438 970 1476 et
995 1430 1208 1484 Italiam,
1229 1445 1350 1491 quas
1373 1429 1545 1475 ardere
1566 1429 1794 1482 diximus,

328 1504 414 1549 sed
450 1504 804 1549 nobilissimum
838 1507 886 1548 in
924 1503 1060 1548 Melo
1094 1502 1266 1548 insula.
1335 1506 1383 1547 in
1420 1502 1563 1548 Italia
1597 1519 1794 1564 quoque

329 1581 576 1623 invenitur
604 1580 653 1622 in
684 1577 1014 1639 Neapolitano
1045 1576 1398 1638 Campanoque
1429 1592 1546 1638 agro
1575 1575 1794 1630 collibus,

328 1654 410 1712 qui
456 1657 694 1696 vocantur
740 1650 1034 1712 Leucogaei.
1105 1651 1169 1694 ibi
1216 1666 1242 1694 e
1287 1649 1520 1695 cuniculis
1566 1648 1793 1695 effossum

328 1724 580 1786 perficitur
632 1727 747 1786 igni.
816 1740 1001 1786 genera
1024 1739 1130 1768 1111:
1200 1726 1381 1777 vivum,
1434 1722 1566 1784 quod
1618 1722 1792 1768 Graeci

329 1813 517 1860 apyron
556 1804 749 1851 vocant,
789 1801 1006 1843 nascitur
1043 1796 1289 1842 solidum1
1328 1795 1484 1842 solum
1505 1795 1793 1841 2——cetera3

328 1874 458 1915 enim
486 1870 673 1933 liquore
698 1878 929 1916 constant
955 1878 1007 1916 et
1031 1870 1356 1916 conficiuntur
1380 1869 1488 1915 oleo
1512 1872 1792 1924 incocta—3

328 1947 490 1989 vivum
559 1943 790 1989 effoditur
856 1943 1169 2005 tralucetque
1237 1950 1289 1989 et
1357 1946 1494 1988 viret.
1562 1942 1663 1988 solo
1730 1959 1791 1989 ex

326 2018 552 2063 omnibus
582 2019 847 2079 generibus
879 2017 1054 2062 medici
1082 2017 1332 2062 utuntur.4
1400 2016 1611 2061 alterum
1634 2032 1791 2079 genus

328 2090 581 2152 appellant
633 2091 880 2152 glaebam,
932 2089 1172 2135 fullonum
1224 2097 1421 2135 tantum
1471 2089 1670 2135 officinis
1721 2089 1789 2135 fa-

379 2176 393 2199 ¹
423 2176 604 2215 solidum
626 2177 705 2216 hoc
725 2182 788 2215 est
808 2177 956 2227 glaeba
977 2176 1062 2215 cdd.
1085 2192 1092 2216 :
1130 2175 1205 2215 del.
1227 2176 1349 2227 h.e.g.
1377 2175 1552 2222 Urlichs,
1574 2175 1789 2226 Detlefsen.

379 2230 393 2252 ²
422 2230 557 2268 solum
579 2230 654 2269 del.
684 2231 857 2275 Urlichs,
880 2229 1095 2280 Detlessen.

386 2285 400 2306 ³
431 2289 568 2322 cetera
596 2284 654 2322 cd.
686 2284 798 2323 Leid.
843 2285 951 2323 Voss.
978 2286 1089 2322 m.2:
1132 2297 1182 2322 ex
1212 2283 1409 2322 omnibus
1443 2283 1664 2334 generibus
1692 2286 1788 2332 (om.

332 2337 385 2385 B)
407 2337 556 2376 medici
588 2343 781 2378 utuntur.
841 2337 1022 2376 alterum
1051 2350 1183 2387 genus
1212 2342 1351 2376 cetera
1381 2337 1429 2382 Β,
1451 2336 1510 2375 cd.
1531 2336 1645 2375 Laid.
1675 2337 1787 2376 Voss.

331 2392 427 2435 m.l‚
457 2390 516 2429 cd.
547 2391 656 2430 Flor.
687 2392 826 2430 Rica:
876 2391 961 2429 vide
992 2390 1130 2442 infra:
1177 2403 1228 2429 ex
1257 2390 1454 2428 omnibus
1485 2419 1493 2428 .
1527 2419 1535 2428 .
1568 2419 1577 2428 .
1607 2394 1789 2429 utuntur

332 2448 469 2482 cetera
489 2444 571 2482 rell.

386 2497 401 2519 ⁴¹
429 2497 518 2535 solo
541 2527 549 2535 .
574 2527 582 2535 .
608 2526 616 2535 .
639 2501 821 2535 utuntur
848 2510 926 2535 om.
957 2496 1016 2535 cd.
1048 2496 1145 2534 Par.
1179 2496 1268 2534 Lat.
1299 2497 1417 2543 6797,
1448 2495 1507 2534 cd.
1538 2495 1636 2534 Par.
1668 2498 1782 2541 6801,

331 2550 389 2587 cd.
416 2551 540 2589 7'olel.

335 2606 422 2664 388
