1899 3015
596 208 839 255 PLINY:
898 208 1226 254 NATURAL
1269 205 1564 253 HISTORY

347 335 610 382 Publilium
673 335 1032 390 Antiochium}
1094 337 1321 380 mimicae
1383 349 1592 380 scaenae
1653 333 1818 380 condi-

345 424 521 471 torem,
569 424 621 462 et
667 416 963 479 astrologiae
1010 416 1356 461 consobrinum
1403 417 1506 460 eius
1555 412 1817 460 Manilium

346 496 667 551 Antiochum,
714 500 835 542 item
882 498 1238 558 grammaticae
1285 494 1568 541 Staberium
1614 494 1818 540 Erotem

236 583 313 624 200
347 577 523 623 eadem
562 593 686 622 nave
725 577 957 623 advectos
995 576 1163 621 videre
1200 578 1382 637 proavi.
1451 574 1540 620 sed
1576 574 1696 636 quid
1731 573 1819 620 hos

348 657 532 703 referat
587 657 779 718 aliquis,
835 657 1116 702 litterarum
1171 655 1356 701 honore
1411 654 1819 701 commendatos?

347 737 499 783 talem
539 740 588 782 in
627 744 819 783 catasta
858 737 1025 783 videre
1065 735 1443 799 Chrysogonum
1481 733 1662 788 Sullae,
1701 735 1820 780 Am-

348 817 580 879 phionem
619 817 678 875 Q.
719 817 900 871 Catuli,
941 816 1251 862 Hectorem2
1290 815 1346 861 L.
1389 814 1597 869 Luculli,
1636 815 1821 861 Deme-

347 901 497 944 trium
541 896 763 960 Pompei,
807 899 1089 960 Augenque
1133 897 1380 950 Demetri,
1422 911 1726 957 quamquam
1769 902 1822 941 et

348 981 452 1040 ipsa
495 976 700 1040 Pompei
742 978 933 1023 credita
975 985 1068 1031 est,
1112 975 1454 1038 Hipparchum
1498 974 1570 1021 M.
1615 975 1821 1030 Antoni,

351 1057 556 1104 Menam
620 1066 673 1104 et
738 1057 1067 1103 Menecraten
1130 1056 1270 1102 Sexti
1334 1054 1539 1117 Pompei
1602 1055 1821 1117 aliosque

347 1139 598 1200 deinceps,
645 1155 766 1200 quos
814 1154 1107 1183 enumerare
1152 1140 1251 1182 iam
1298 1153 1395 1182 non
1442 1143 1534 1190 est,
1580 1138 1822 1197 sanguine

237 1225 310 1265 201
347 1218 616 1276 Quiritium
663 1226 715 1264 et
759 1221 1173 1280 proscriptionum
1218 1217 1418 1262 licentia
1462 1216 1662 1262 ditatos.
1730 1214 1823 1262 hoc

350 1306 425 1345 est
460 1302 652 1361 insigne
688 1299 936 1344 venaliciis
971 1299 1206 1361 gregibus
1242 1298 1661 1359 obprobriumque
1695 1298 1823 1341 inso-

348 1379 494 1425 lentis
546 1378 793 1426 fortunae.
862 1396 984 1441 quos
1039 1385 1091 1424 et
1143 1395 1229 1423 nos
1282 1377 1408 1423 adeo
1459 1379 1606 1438 potiri
1657 1392 1822 1422 rerum

351 1460 576 1514 vidimus,
613 1467 670 1505 ut
705 1462 955 1521 praetoria
992 1474 1191 1520 quoque
1228 1464 1523 1503 ornamenta
1559 1457 1757 1502 decerni
1795 1472 1824 1501 a

349 1547 526 1586 senatu
552 1541 759 1586 iubente
787 1540 1065 1601 Agrippina
1091 1538 1266 1584 Claudi
1294 1537 1517 1583 Caesaris
1543 1536 1824 1582 videremus

349 1627 648 1682 tantumque
689 1637 785 1666 non
823 1637 935 1665 cum
973 1619 1208 1664 laureatis
1247 1617 1460 1663 fascibus
1498 1619 1685 1663 remitti
1725 1616 1823 1670 illo,

351 1700 480 1746 unde
517 1703 720 1746 cretatis
758 1700 967 1762 pedibus
1006 1699 1337 1745 advenissent.

412 1854 426 1878 ¹
456 1854 733 1894 Antiochium
761 1855 807 1893 O.
836 1854 979 1893 Jahn:
1027 1853 1217 1893 lucilium
1243 1852 1303 1892 cd.
1332 1852 1431 1891 Par.
1460 1853 1593 1891 6801:
1638 1851 1824 1890 lochium

356 1908 674 2001 rethectorem
727 1960 903 2005 Urlichs,
950 1959 1153 2009 Detlefsen
1173 1974 1181 1998 :
1257 1957 1573 1997 interfectorem
1615 1956 1675 1996 cd.
1724 1957 1822 1996 Par.

344 2015 433 2054 Lat.
458 2015 579 2061 6797,
601 2015 662 2054 cd.
687 2014 810 2054 Tolet.
835 2030 842 2053 :
883 2018 1089 2052 rectorem
1109 2012 1220 2052 rell.:
1258 2011 1587 2057 interfectorem,
1611 2011 1824 2050 Heronem

344 2069 431 2108 edd.
453 2073 539 2108 vett.
561 2084 569 2107 :
606 2070 819 2107 Heronem
839 2068 899 2106 ed.
919 2067 1051 2107 Basil.

411 2223 428 2241 ⁰
457 2217 557 2256 This
577 2217 716 2256 would
740 2217 788 2255 be
809 2216 1017 2255 Publilius
1038 2215 1182 2266 Syrus,
1202 2215 1243 2254 fl.
1265 2228 1296 2253 c.
1319 2216 1370 2253 45
1393 2226 1474 2254 13.c.

414 2271 428 2295 ὓ
458 2271 673 2322 Probably
689 2271 827 2309 father
848 2283 895 2308 or
914 2269 1191 2321 grandfather
1208 2269 1256 2307 of
1267 2268 1465 2307 Manilius
1486 2267 1580 2305 who
1601 2271 1731 2305 wrote
1752 2266 1825 2305 the

354 2330 505 2364 extant
529 2323 825 2364 Astronmnica.

413 2384 427 2402 ⁰
456 2378 641 2417 Teacher
663 2378 710 2416 of
729 2377 888 2416 Brutus
909 2375 994 2414 and
1017 2375 1196 2414 Cassius.

415 2431 432 2454 ‘¹
462 2432 589 2470 From
610 2431 682 2470 the
703 2430 848 2481 period
870 2431 1002 2469 80—30
1025 2440 1105 2468 B.c.

413 2491 426 2508 ⁶
456 2485 697 2523 Demetrius
718 2483 765 2521 of
781 2483 950 2521 Gadara
970 2482 1111 2521 whose
1131 2481 1278 2520 native
1299 2481 1399 2531 city,
1422 2479 1649 2530 destroyed
1671 2479 1728 2530 by
1749 2478 1823 2518 the

351 2537 482 2584 Jews,
503 2552 588 2577 was
606 2537 761 2576 rebuilt
782 2537 837 2587 by
857 2537 1047 2587 Pompey
1066 2539 1112 2574 at
1131 2534 1385 2574 Demetrius'
1407 2537 1588 2585 request.

352 2608 444 2663 Δ408
