1873 3020
185 874 256 913 123

185 1539 257 1578 124

186 1871 258 1911 125

543 208 784 254 PLINY:
843 208 1168 254 NATURAL
1211 207 1502 254 HISTORY

290 343 345 382 ut
379 351 455 381 xw
493 335 758 381 drachmae
795 338 841 380 in
878 334 1076 381 hemina
1112 338 1239 380 aceti
1275 341 1552 396 coquantur
1585 334 1756 381 addito

290 402 452 455 melle,
478 402 634 448 donec
665 402 922 447 lentescat.
991 405 1058 447 sic
1088 402 1151 447 ad
1181 417 1328 462 supra
1358 401 1490 447 dicta
1516 401 1636 447 utile
1663 409 1752 447 est.

289 473 517 531 quotiens
551 485 671 530 opus
705 472 768 514 sit
801 468 972 514 molliri
1009 471 1104 513 vim
1139 471 1259 522 eius,
1292 468 1389 513 mel
1421 467 1748 530 adspergitur.

289 536 448 582 erodit
487 543 539 581 et
576 534 754 581 callum
795 534 1068 580 fistularum
1109 550 1170 579 ex
1208 541 1351 580 aceto
1388 533 1662 580 foventium
1701 542 1753 580 et

289 602 497 664 collyriis
528 602 743 655 additur,
773 604 903 646 sistit
933 608 984 646 et
1012 604 1305 663 sanguinem
1334 599 1598 662 ulceraque
1627 617 1756 662 quae

288 675 491 730 serpant
523 684 713 730 quaeve
746 674 1052 728 putrescant,
1083 668 1300 713 absumit
1331 674 1384 713 et
1414 674 1755 713 excrescentes

289 751 474 782 carnes,
544 734 858 796 peculiariter
887 733 1130 780 virilitatis
1161 735 1288 779 vitiis
1319 732 1441 780 utile
1471 740 1523 779 et
1551 732 1755 779 femina-

291 819 397 847 rum
422 801 711 863 profluvium
737 804 880 846 sistit.

353 868 564 913 XXXII.
605 867 780 913 Graeci
802 870 1150 929 cognationem
1169 870 1294 912 aeris
1315 868 1512 912 nomine
1531 865 1758 912 fecerunt

291 942 341 980 et
376 941 659 980 atramento
692 937 905 987 sutori03
956 932 1212 994 appellant
1247 936 1377 978 enim
1411 932 1754 979 chalcanthon.

292 1017 380 1047 nec
415 1000 555 1046 ullius
590 1017 749 1062 aeque
783 1003 907 1046 mira
941 1007 1118 1045 natura
1154 1006 1243 1045 est.
1314 999 1370 1045 fit
1403 1002 1451 1044 in
1486 999 1757 1061 Hispaniae

291 1070 453 1130 puteis
485 1070 737 1130 stagnisve
770 1067 818 1113 id
849 1083 1006 1129 genus
1039 1082 1199 1128 aquae
1232 1065 1546 1111 habentibus.
1615 1066 1753 1112 deco-

290 1138 456 1196 quitur
487 1151 546 1180 ea
577 1134 801 1180 admixta
831 1133 959 1179 dulci
990 1136 1097 1194 pari
1127 1149 1358 1178 mensura
1389 1139 1442 1179 et
1470 1135 1519 1178 in
1549 1135 1757 1194 piscinas

292 1200 478 1264 ligneas
514 1200 751 1246 funditur.
821 1199 1152 1245 immobilibus
1173 1198 1192 1227 1
1226 1215 1374 1261 super
1407 1198 1495 1244 has
1530 1202 1757 1245 transtris

291 1268 579 1329 dependent
609 1273 765 1312 restes
798 1265 970 1328 lapillis
1003 1272 1259 1320 extentae,
1291 1265 1466 1327 quibus
1496 1265 1754 1311 adhaeres—

290 1350 403 1380 cens
447 1334 588 1379 limus
632 1336 797 1379 vitreis
840 1336 988 1379 acinis
1031 1335 1300 1395 imaginem
1341 1332 1592 1394 quandam
1633 1348 1758 1378 uvae

291 1401 467 1446 reddit.
539 1408 828 1461 exemptum
872 1403 943 1445 ita
986 1402 1197 1445 siccatur
1239 1399 1412 1444 diebus
1455 1413 1561 1444 xxx.
1629 1398 1758 1445 color

291 1475 366 1513 est
401 1467 656 1513 caeruleus
693 1483 933 1528 perquam
968 1464 1225 1527 spectabili
1263 1468 1440 1519 nitore,
1476 1468 1757 1527 vitrumque

292 1550 398 1579 esse
434 1534 679 1587 creditur3
734 1532 968 1579 diluendo
1005 1533 1061 1578 fit
1096 1539 1436 1578 atramentum
1473 1532 1756 1594 tinguendis

290 1603 444 1646 coriis,
516 1601 571 1646 fit
608 1607 659 1646 et
695 1600 914 1660 pluribus
951 1599 1135 1645 modis:
1189 1614 1373 1660 genere
1409 1605 1574 1644 terrae
1611 1614 1669 1644 eo
1710 1601 1758 1644 in

287 1667 481 1712 scrobes
541 1674 734 1720 cavato,
796 1682 1003 1728 quorum
1064 1681 1090 1711 e
1150 1664 1386 1710 lateribus
1447 1663 1757 1711 destillantes

295 1733 498 1779 hiberno
539 1733 653 1795 gelu
697 1736 857 1778 stirias
900 1731 1197 1794 stalagmian
1241 1738 1434 1785 vocant,
1478 1747 1640 1793 neque
1683 1739 1757 1777 est

295 1803 457 1861 purius
481 1799 627 1845 aliud.
697 1800 784 1844 sed
807 1816 867 1845 ex
892 1815 966 1853 eo,
988 1798 1253 1845 candidum
1275 1798 1487 1844 colorem
1509 1801 1757 1844 sentiente

293 1866 434 1917 viola,
495 1866 758 1912 lonchoton
779 1865 797 1894 2
856 1864 1125 1927 appellant.
1196 1865 1251 1910 fit
1310 1871 1361 1911 et
1421 1867 1469 1910 in
1528 1880 1754 1910 saxorum

355 2008 364 2028 ¹
397 2006 685 2045 immobilibus
705 2005 791 2045 edd.
816 2011 933 2044 netu:
974 2005 1217 2045 immobilis.

296 2060 366 2150 fid}
404 2059 697 2152 Zssi'tloeomn:
740 2059 931 2098 leucoion
956 2058 1200 2097 Hermolaus
1225 2058 1458 2097 Barbarus:
1502 2056 1755 2096 leucanthon

1193 2232 1688 2240 --—-———-—-
1710 2233 1739 2237 .-

342 2329 357 2346 ‘¹
388 2325 463 2362 See
480 2336 521 2362 n.
539 2327 557 2345 ⁰
577 2322 667 2371 0n§
693 2324 781 2362 112.

345 2377 360 2400 ⁶
388 2377 462 2416 Le.
484 2382 615 2415 water
636 2375 809 2426 holding
831 2376 873 2414 in
894 2375 1082 2414 solution
1103 2375 1175 2414 the
1196 2374 1422 2414 substance
1442 2373 1622 2413 referred
1641 2378 1701 2412 to.

343 2436 356 2455 ⁰
385 2430 438 2469 So
473 2430 613 2469 Diosc.
651 2430 699 2475 V,
739 2431 826 2468 114.
888 2428 973 2468 But
1013 2429 1084 2467 the
1123 2428 1381 2479 description
1419 2432 1610 2478 suggests
1643 2426 1653 2442 ‘
1672 2426 1755 2465 leu-

286 2484 435 2529 coion‚'
470 2483 479 2499 ‘
500 2483 808 2522 violet-white.'
867 2483 955 2520 The
988 2483 1158 2521 ancient
1191 2481 1274 2520 like
1307 2481 1378 2520 the
1414 2481 1589 2520 modern
1622 2480 1756 2519 violas

286 2550 391 2576 were
413 2537 460 2575 of
476 2537 647 2576 various
668 2536 844 2576 colours.

297 2624 380 2667 218
