<?xml version="1.0" encoding="UTF-8"?>
<!DOCTYPE html PUBLIC "-//W3C//DTD XHTML 1.0 Transitional//EN"
    "http://www.w3.org/TR/xhtml1/DTD/xhtml1-transitional.dtd">
<html xmlns="http://www.w3.org/1999/xhtml" xml:lang="en" lang="en">
 <head>
  <title>
</title>
<meta http-equiv="Content-Type" content="text/html;charset=utf-8" />
  <meta name='ocr-system' content='tesseract 3.04.00' />
  <meta name='ocr-capabilities' content='ocr_page ocr_carea ocr_par ocr_line ocrx_word'/>
</head>
<body>
  <div class='ocr_page' id='page_1' title='image "./naturalhistory09plinuoft_0348.png"; bbox 0 0 1899 3015; ppageno 0'>
   <div class='ocr_carea' id='block_1_1' title="bbox 554 197 1521 245">
    <p class='ocr_par' dir='ltr' id='par_1_1' title="bbox 554 197 1521 245">
     <span class='ocr_line' id='line_1_1' title="bbox 554 197 1521 245; baseline -0.001 0"><span class='ocrx_word' id='word_1_1' title='bbox 554 199 798 245; x_wconf 85' lang='lat' dir='ltr'>PLINY:</span> <span class='ocrx_word' id='word_1_2' title='bbox 855 198 1183 244; x_wconf 88' lang='lat' dir='ltr'><strong>NATURAL</strong></span> <span class='ocrx_word' id='word_1_3' title='bbox 1225 197 1521 244; x_wconf 90' lang='lat' dir='ltr'>HISTORY</span> 
     </span>
    </p>
   </div>
   <div class='ocr_carea' id='block_1_2' title="bbox 195 324 1777 1923">
    <p class='ocr_par' dir='ltr' id='par_1_2' title="bbox 195 324 1777 1923">
     <span class='ocr_line' id='line_1_2' title="bbox 301 324 1773 387; baseline 0.001 -16"><span class='ocrx_word' id='word_1_4' title='bbox 301 329 460 372; x_wconf 90' lang='lat' dir='ltr'>minor</span> <span class='ocrx_word' id='word_1_5' title='bbox 510 324 756 371; x_wconf 75' lang='lat' dir='ltr'><strong>fertilitas.</strong></span> <span class='ocrx_word' id='word_1_6' title='bbox 825 328 933 386; x_wconf 92' lang='lat' dir='ltr'>quis</span> <span class='ocrx_word' id='word_1_7' title='bbox 986 340 1099 369; x_wconf 91' lang='lat' dir='ltr'>eum</span> <span class='ocrx_word' id='word_1_8' title='bbox 1150 324 1391 379; x_wconf 78' lang='lat' dir='ltr'>docuerit,</span> <span class='ocrx_word' id='word_1_9' title='bbox 1443 341 1540 370; x_wconf 91' lang='lat' dir='ltr'>non</span> <span class='ocrx_word' id='word_1_10' title='bbox 1591 332 1773 387; x_wconf 87' lang='lat' dir='ltr'>putant</span> 
     </span>
     <span class='ocr_line' id='line_1_3' title="bbox 301 391 1774 454; baseline 0 -16"><span class='ocrx_word' id='word_1_11' title='bbox 301 399 555 446; x_wconf 87' lang='lat' dir='ltr'>constare;</span> <span class='ocrx_word' id='word_1_12' title='bbox 605 391 807 453; x_wconf 88' lang='lat' dir='ltr'>quidam</span> <span class='ocrx_word' id='word_1_13' title='bbox 840 398 892 437; x_wconf 91' lang='lat' dir='ltr'>et</span> <span class='ocrx_word' id='word_1_14' title='bbox 922 407 1072 437; x_wconf 86' lang='lat' dir='ltr'>naves</span> <span class='ocrx_word' id='word_1_15' title='bbox 1103 394 1320 452; x_wconf 82' lang='lat' dir='ltr'>pinxisse</span> <span class='ocrx_word' id='word_1_16' title='bbox 1352 407 1508 453; x_wconf 91' lang='lat' dir='ltr'>usque</span> <span class='ocrx_word' id='word_1_17' title='bbox 1541 392 1603 438; x_wconf 92' lang='lat' dir='ltr'>ad</span> <span class='ocrx_word' id='word_1_18' title='bbox 1634 396 1774 454; x_wconf 89' lang='lat' dir='ltr'>quin-</span> 
     </span>
     <span class='ocr_line' id='line_1_4' title="bbox 301 459 1772 522; baseline 0.001 -18"><span class='ocrx_word' id='word_1_19' title='bbox 301 461 682 522; x_wconf 87' lang='lat' dir='ltr'>quagensimum</span> <span class='ocrx_word' id='word_1_20' title='bbox 710 473 923 512; x_wconf 81' lang='lat' dir='ltr'>annum3</span> <span class='ocrx_word' id='word_1_21' title='bbox 969 465 1321 520; x_wconf 81' lang='lat' dir='ltr'>argumentum</span> <span class='ocrx_word' id='word_1_22' title='bbox 1350 474 1474 512; x_wconf 90' lang='lat' dir='ltr'>esse,</span> <span class='ocrx_word' id='word_1_23' title='bbox 1502 459 1635 520; x_wconf 89' lang='lat' dir='ltr'>quod</span> <span class='ocrx_word' id='word_1_24' title='bbox 1661 476 1772 505; x_wconf 91' lang='lat' dir='ltr'>cum</span> 
     </span>
     <span class='ocr_line' id='line_1_5' title="bbox 302 524 1774 588; baseline 0 -16"><span class='ocrx_word' id='word_1_25' title='bbox 302 525 514 572; x_wconf 76' lang='lat' dir='ltr'><strong>Athenis</strong></span> <span class='ocrx_word' id='word_1_26' title='bbox 541 525 863 571; x_wconf 90' lang='lat' dir='ltr'>celeberrimo</span> <span class='ocrx_word' id='word_1_27' title='bbox 890 525 996 570; x_wconf 92' lang='lat' dir='ltr'>loco</span> <span class='ocrx_word' id='word_1_28' title='bbox 1027 524 1286 570; x_wconf 89' lang='lat' dir='ltr'>Minervae</span> <span class='ocrx_word' id='word_1_29' title='bbox 1313 525 1504 570; x_wconf 84' lang='lat' dir='ltr'>delubri</span> <span class='ocrx_word' id='word_1_30' title='bbox 1533 526 1774 588; x_wconf 89' lang='lat' dir='ltr'>propylon</span> 
     </span>
     <span class='ocr_line' id='line_1_6' title="bbox 301 590 1773 655; baseline 0.001 -17"><span class='ocrx_word' id='word_1_31' title='bbox 301 596 550 655; x_wconf 76' lang='lat' dir='ltr'>pingeret,</span> <span class='ocrx_word' id='word_1_32' title='bbox 574 591 800 637; x_wconf 85' lang='lat' dir='ltr'>ubi-fecit</span> <span class='ocrx_word' id='word_1_33' title='bbox 822 591 1039 637; x_wconf 90' lang='lat' dir='ltr'>nobilem</span> <span class='ocrx_word' id='word_1_34' title='bbox 1063 590 1293 637; x_wconf 88' lang='lat' dir='ltr'>Paralum</span> <span class='ocrx_word' id='word_1_35' title='bbox 1317 598 1369 637; x_wconf 92' lang='lat' dir='ltr'>et</span> <span class='ocrx_word' id='word_1_36' title='bbox 1392 591 1773 648; x_wconf 85' lang='lat' dir='ltr'><strong>Hammoniada,</strong></span> 
     </span>
     <span class='ocr_line' id='line_1_7' title="bbox 302 658 1773 721; baseline 0 -16"><span class='ocrx_word' id='word_1_37' title='bbox 302 676 452 721; x_wconf 90' lang='lat' dir='ltr'>quam</span> <span class='ocrx_word' id='word_1_38' title='bbox 490 659 691 720; x_wconf 87' lang='lat' dir='ltr'>quidam</span> <span class='ocrx_word' id='word_1_39' title='bbox 729 658 1008 704; x_wconf 81' lang='lat' dir='ltr'><strong>Nausicaan</strong></span> <span class='ocrx_word' id='word_1_40' title='bbox 1044 665 1240 712; x_wconf 78' lang='lat' dir='ltr'>vocant,</span> <span class='ocrx_word' id='word_1_41' title='bbox 1277 658 1515 704; x_wconf 90' lang='lat' dir='ltr'>adiecerit</span> <span class='ocrx_word' id='word_1_42' title='bbox 1550 659 1773 720; x_wconf 84' lang='lat' dir='ltr'>parvolas</span> 
     </span>
     <span class='ocr_line' id='line_1_8' title="bbox 303 725 1774 788; baseline -0.001 -16"><span class='ocrx_word' id='word_1_43' title='bbox 303 742 451 772; x_wconf 75' lang='lat' dir='ltr'>naves</span> <span class='ocrx_word' id='word_1_44' title='bbox 479 725 649 787; x_wconf 84' lang='lat' dir='ltr'>longas</span> <span class='ocrx_word' id='word_1_45' title='bbox 677 728 726 770; x_wconf 94' lang='lat' dir='ltr'>in</span> <span class='ocrx_word' id='word_1_46' title='bbox 752 728 826 779; x_wconf 93' lang='lat' dir='ltr'>iis,</span> <span class='ocrx_word' id='word_1_47' title='bbox 854 741 981 786; x_wconf 90' lang='lat' dir='ltr'>quae</span> <span class='ocrx_word' id='word_1_48' title='bbox 1009 728 1221 785; x_wconf 89' lang='lat' dir='ltr'>pictores</span> <span class='ocrx_word' id='word_1_49' title='bbox 1248 728 1477 788; x_wconf 84' lang='lat' dir='ltr'>parergia</span> <span class='ocrx_word' id='word_1_50' title='bbox 1503 726 1774 787; x_wconf 87' lang='lat' dir='ltr'>appellant,</span> 
     </span>
     <span class='ocr_line' id='line_1_9' title="bbox 303 791 1774 854; baseline 0 -16"><span class='ocrx_word' id='word_1_51' title='bbox 303 800 358 839; x_wconf 90' lang='lat' dir='ltr'>ut</span> <span class='ocrx_word' id='word_1_52' title='bbox 381 799 664 854; x_wconf 79' lang='lat' dir='ltr'>appareret,</span> <span class='ocrx_word' id='word_1_53' title='bbox 688 808 716 837; x_wconf 90' lang='lat' dir='ltr'>a</span> <span class='ocrx_word' id='word_1_54' title='bbox 739 793 917 853; x_wconf 90' lang='lat' dir='ltr'>quibus</span> <span class='ocrx_word' id='word_1_55' title='bbox 940 794 1090 837; x_wconf 89' lang='lat' dir='ltr'>initiis</span> <span class='ocrx_word' id='word_1_56' title='bbox 1115 791 1178 837; x_wconf 90' lang='lat' dir='ltr'>ad</span> <span class='ocrx_word' id='word_1_57' title='bbox 1201 808 1364 837; x_wconf 87' lang='lat' dir='ltr'>arcem</span> <span class='ocrx_word' id='word_1_58' title='bbox 1387 795 1736 838; x_wconf 81' lang='lat' dir='ltr'>ostentationis</span> <span class='ocrx_word' id='word_1_59' title='bbox 1755 793 1774 821; x_wconf 84' lang='lat'>1</span> 
     </span>
     <span class='ocr_line' id='line_1_10' title="bbox 195 857 1774 920; baseline 0.002 -18"><span class='ocrx_word' id='word_1_60' title='bbox 195 865 268 905; x_wconf 77' lang='lat'>102</span> <span class='ocrx_word' id='word_1_61' title='bbox 302 875 453 920; x_wconf 88' lang='lat' dir='ltr'>opera</span> <span class='ocrx_word' id='word_1_62' title='bbox 490 875 579 904; x_wconf 92' lang='lat' dir='ltr'>sua</span> <span class='ocrx_word' id='word_1_63' title='bbox 616 861 975 920; x_wconf 84' lang='lat' dir='ltr'>pervenissent.</span> <span class='ocrx_word' id='word_1_64' title='bbox 1044 858 1261 920; x_wconf 91' lang='lat' dir='ltr'>palmam</span> <span class='ocrx_word' id='word_1_65' title='bbox 1298 857 1454 904; x_wconf 91' lang='lat' dir='ltr'>habet</span> <span class='ocrx_word' id='word_1_66' title='bbox 1492 859 1774 905; x_wconf 90' lang='lat' dir='ltr'>tabularum</span> 
     </span>
     <span class='ocr_line' id='line_1_11' title="bbox 304 924 1772 988; baseline 0 -16"><span class='ocrx_word' id='word_1_67' title='bbox 304 930 408 972; x_wconf 90' lang='lat' dir='ltr'>eius</span> <span class='ocrx_word' id='word_1_68' title='bbox 438 925 645 988; x_wconf 78' lang='lat' dir='ltr'>IalysuS,</span> <span class='ocrx_word' id='word_1_69' title='bbox 674 928 757 987; x_wconf 92' lang='lat' dir='ltr'>qui</span> <span class='ocrx_word' id='word_1_70' title='bbox 787 932 863 971; x_wconf 93' lang='lat' dir='ltr'>est</span> <span class='ocrx_word' id='word_1_71' title='bbox 890 925 1078 970; x_wconf 86' lang='lat' dir='ltr'>Romae</span> <span class='ocrx_word' id='word_1_72' title='bbox 1106 925 1298 971; x_wconf 91' lang='lat' dir='ltr'>dicatus</span> <span class='ocrx_word' id='word_1_73' title='bbox 1325 928 1376 970; x_wconf 91' lang='lat' dir='ltr'>in</span> <span class='ocrx_word' id='word_1_74' title='bbox 1402 925 1591 987; x_wconf 89' lang='lat' dir='ltr'>templo</span> <span class='ocrx_word' id='word_1_75' title='bbox 1619 924 1772 972; x_wconf 85' lang='lat' dir='ltr'>Pacis.</span> 
     </span>
     <span class='ocr_line' id='line_1_12' title="bbox 302 991 1775 1054; baseline 0.001 -16"><span class='ocrx_word' id='word_1_76' title='bbox 302 1010 414 1038; x_wconf 92' lang='lat' dir='ltr'>cum</span> <span class='ocrx_word' id='word_1_77' title='bbox 448 995 679 1054; x_wconf 85' lang='lat' dir='ltr'>pingeret</span> <span class='ocrx_word' id='word_1_78' title='bbox 713 1008 845 1046; x_wconf 88' lang='lat' dir='ltr'>eum,</span> <span class='ocrx_word' id='word_1_79' title='bbox 878 992 1093 1037; x_wconf 87' lang='lat' dir='ltr'>traditur</span> <span class='ocrx_word' id='word_1_80' title='bbox 1125 992 1335 1038; x_wconf 91' lang='lat' dir='ltr'>madidis</span> <span class='ocrx_word' id='word_1_81' title='bbox 1368 991 1547 1053; x_wconf 92' lang='lat' dir='ltr'>lupinis</span> <span class='ocrx_word' id='word_1_82' title='bbox 1581 995 1775 1048; x_wconf 88' lang='lat' dir='ltr'>vixisse,</span> 
     </span>
     <span class='ocr_line' id='line_1_13' title="bbox 302 1058 1775 1121; baseline 0.001 -17"><span class='ocrx_word' id='word_1_83' title='bbox 302 1062 536 1121; x_wconf 88' lang='lat' dir='ltr'>quoniam</span> <span class='ocrx_word' id='word_1_84' title='bbox 556 1059 574 1087; x_wconf 83' lang='lat'><strong>2</strong></span> <span class='ocrx_word' id='word_1_85' title='bbox 606 1062 672 1104; x_wconf 91' lang='lat' dir='ltr'>sic</span> <span class='ocrx_word' id='word_1_86' title='bbox 692 1059 711 1086; x_wconf 84' lang='lat'><strong>3</strong></span> <span class='ocrx_word' id='word_1_87' title='bbox 742 1058 886 1104; x_wconf 90' lang='lat' dir='ltr'>simul</span> <span class='ocrx_word' id='word_1_88' title='bbox 918 1065 970 1104; x_wconf 91' lang='lat' dir='ltr'>et</span> <span class='ocrx_word' id='word_1_89' title='bbox 1001 1058 1186 1103; x_wconf 85' lang='lat' dir='ltr'>famem</span> <span class='ocrx_word' id='word_1_90' title='bbox 1216 1061 1486 1105; x_wconf 88' lang='lat' dir='ltr'>sustineret</span> <span class='ocrx_word' id='word_1_91' title='bbox 1507 1059 1528 1088; x_wconf 84' lang='lat'>4</span> <span class='ocrx_word' id='word_1_92' title='bbox 1561 1066 1613 1105; x_wconf 91' lang='lat' dir='ltr'>et</span> <span class='ocrx_word' id='word_1_93' title='bbox 1643 1063 1775 1106; x_wconf 88' lang='lat' dir='ltr'>sitim</span> 
     </span>
     <span class='ocr_line' id='line_1_14' title="bbox 303 1125 1775 1188; baseline 0 -16"><span class='ocrx_word' id='word_1_94' title='bbox 303 1143 393 1172; x_wconf 91' lang='lat' dir='ltr'>nec</span> <span class='ocrx_word' id='word_1_95' title='bbox 433 1142 605 1171; x_wconf 89' lang='lat' dir='ltr'>sensus</span> <span class='ocrx_word' id='word_1_96' title='bbox 646 1129 796 1170; x_wconf 88' lang='lat' dir='ltr'>nimia</span> <span class='ocrx_word' id='word_1_97' title='bbox 835 1125 1097 1183; x_wconf 84' lang='lat' dir='ltr'>dulcedine</span> <span class='ocrx_word' id='word_1_98' title='bbox 1137 1126 1460 1171; x_wconf 86' lang='lat' dir='ltr'>obstrueret.⁵</span> <span class='ocrx_word' id='word_1_99' title='bbox 1525 1125 1639 1172; x_wconf 86' lang='lat' dir='ltr'>huic</span> <span class='ocrx_word' id='word_1_100' title='bbox 1678 1130 1775 1188; x_wconf 88' lang='lat' dir='ltr'>pic-</span> 
     </span>
     <span class='ocr_line' id='line_1_15' title="bbox 303 1192 1775 1254; baseline -0.001 -15"><span class='ocrx_word' id='word_1_101' title='bbox 303 1200 446 1239; x_wconf 89' lang='lat' dir='ltr'>turae</span> <span class='ocrx_word' id='word_1_102' title='bbox 466 1199 645 1254; x_wconf 90' lang='lat' dir='ltr'>quater</span> <span class='ocrx_word' id='word_1_103' title='bbox 663 1193 876 1238; x_wconf 90' lang='lat' dir='ltr'>colorem</span> <span class='ocrx_word' id='word_1_104' title='bbox 895 1192 1092 1237; x_wconf 87' lang='lat' dir='ltr'>induxit</span> <span class='ocrx_word' id='word_1_105' title='bbox 1111 1208 1202 1237; x_wconf 93' lang='lat' dir='ltr'>ceu</span> <span class='ocrx_word' id='word_1_106' title='bbox 1220 1195 1317 1237; x_wconf 92' lang='lat' dir='ltr'>tria</span> <span class='ocrx_word' id='word_1_107' title='bbox 1334 1192 1552 1238; x_wconf 86' lang='lat' dir='ltr'>subsidia</span> <span class='ocrx_word' id='word_1_108' title='bbox 1570 1196 1775 1239; x_wconf 89' lang='lat' dir='ltr'>iniuriae</span> 
     </span>
     <span class='ocr_line' id='line_1_16' title="bbox 305 1259 1776 1320; baseline 0.001 -16"><span class='ocrx_word' id='word_1_109' title='bbox 305 1267 357 1305; x_wconf 91' lang='lat' dir='ltr'>et</span> <span class='ocrx_word' id='word_1_110' title='bbox 419 1262 701 1314; x_wconf 76' lang='lat' dir='ltr'>vetustatis,</span> <span class='ocrx_word' id='word_1_111' title='bbox 764 1266 821 1305; x_wconf 95' lang='lat' dir='ltr'>ut</span> <span class='ocrx_word' id='word_1_112' title='bbox 882 1259 1199 1304; x_wconf 73' lang='lat' dir='ltr'>decedente6</span> <span class='ocrx_word' id='word_1_113' title='bbox 1262 1262 1514 1320; x_wconf 90' lang='lat' dir='ltr'>superiore</span> <span class='ocrx_word' id='word_1_114' title='bbox 1575 1259 1776 1306; x_wconf 88' lang='lat' dir='ltr'>inferior</span> 
     </span>
     <span class='ocr_line' id='line_1_17' title="bbox 303 1325 1775 1388; baseline 0.001 -16"><span class='ocrx_word' id='word_1_115' title='bbox 303 1326 608 1373; x_wconf 87' lang='lat' dir='ltr'>succederet.</span> <span class='ocrx_word' id='word_1_116' title='bbox 679 1333 755 1371; x_wconf 86' lang='lat' dir='ltr'>est</span> <span class='ocrx_word' id='word_1_117' title='bbox 793 1329 843 1370; x_wconf 91' lang='lat' dir='ltr'>in</span> <span class='ocrx_word' id='word_1_118' title='bbox 883 1342 942 1371; x_wconf 88' lang='lat' dir='ltr'>ea</span> <span class='ocrx_word' id='word_1_119' title='bbox 980 1328 1112 1371; x_wconf 91' lang='lat' dir='ltr'>canis</span> <span class='ocrx_word' id='word_1_120' title='bbox 1152 1328 1274 1371; x_wconf 90' lang='lat' dir='ltr'>mire</span> <span class='ocrx_word' id='word_1_121' title='bbox 1314 1325 1492 1380; x_wconf 87' lang='lat' dir='ltr'>factus,</span> <span class='ocrx_word' id='word_1_122' title='bbox 1531 1333 1588 1372; x_wconf 93' lang='lat' dir='ltr'>ut</span> <span class='ocrx_word' id='word_1_123' title='bbox 1627 1343 1775 1388; x_wconf 90' lang='lat' dir='ltr'>quem</span> 
     </span>
     <span class='ocr_line' id='line_1_18' title="bbox 303 1392 1776 1455; baseline 0.001 -17"><span class='ocrx_word' id='word_1_124' title='bbox 303 1396 490 1455; x_wconf 86' lang='lat' dir='ltr'>pariter</span> <span class='ocrx_word' id='word_1_125' title='bbox 523 1409 598 1438; x_wconf 89' lang='lat' dir='ltr'>ars</span> <span class='ocrx_word' id='word_1_126' title='bbox 634 1399 686 1438; x_wconf 91' lang='lat' dir='ltr'>et</span> <span class='ocrx_word' id='word_1_127' title='bbox 718 1392 893 1438; x_wconf 83' lang='lat' dir='ltr'>casus7</span> <span class='ocrx_word' id='word_1_128' title='bbox 930 1395 1161 1454; x_wconf 81' lang='lat' dir='ltr'>pinxerit.</span> <span class='ocrx_word' id='word_1_129' title='bbox 1230 1409 1329 1438; x_wconf 90' lang='lat' dir='ltr'>non</span> <span class='ocrx_word' id='word_1_130' title='bbox 1361 1393 1613 1439; x_wconf 89' lang='lat' dir='ltr'>iudicabat</span> <span class='ocrx_word' id='word_1_131' title='bbox 1645 1409 1697 1439; x_wconf 91' lang='lat' dir='ltr'>se</span> <span class='ocrx_word' id='word_1_132' title='bbox 1726 1397 1776 1439; x_wconf 92' lang='lat' dir='ltr'>in</span> 
     </span>
     <span class='ocr_line' id='line_1_19' title="bbox 305 1459 1777 1521; baseline 0 -15"><span class='ocrx_word' id='word_1_133' title='bbox 305 1476 363 1506; x_wconf 91' lang='lat' dir='ltr'>eo</span> <span class='ocrx_word' id='word_1_134' title='bbox 408 1463 685 1521; x_wconf 85' lang='lat' dir='ltr'>exprimere</span> <span class='ocrx_word' id='word_1_135' title='bbox 729 1476 956 1521; x_wconf 82' lang='lat' dir='ltr'>spumam</span> <span class='ocrx_word' id='word_1_136' title='bbox 1000 1459 1296 1514; x_wconf 85' lang='lat' dir='ltr'>anhelantis,</span> <span class='ocrx_word' id='word_1_137' title='bbox 1339 1476 1452 1505; x_wconf 87' lang='lat' dir='ltr'>cum</span> <span class='ocrx_word' id='word_1_138' title='bbox 1494 1462 1544 1504; x_wconf 92' lang='lat' dir='ltr'>in</span> <span class='ocrx_word' id='word_1_139' title='bbox 1587 1460 1777 1521; x_wconf 91' lang='lat' dir='ltr'>reliqua</span> 
     </span>
     <span class='ocr_line' id='line_1_20' title="bbox 304 1526 1776 1588; baseline 0.001 -17"><span class='ocrx_word' id='word_1_140' title='bbox 304 1533 447 1588; x_wconf 89' lang='lat' dir='ltr'>parte</span> <span class='ocrx_word' id='word_1_141' title='bbox 483 1529 633 1581; x_wconf 92' lang='lat' dir='ltr'>omni,</span> <span class='ocrx_word' id='word_1_142' title='bbox 670 1526 802 1587; x_wconf 93' lang='lat' dir='ltr'>quod</span> <span class='ocrx_word' id='word_1_143' title='bbox 837 1526 1172 1571; x_wconf 88' lang='lat' dir='ltr'>difficillimum</span> <span class='ocrx_word' id='word_1_144' title='bbox 1209 1532 1334 1580; x_wconf 88' lang='lat' dir='ltr'>erat,</span> <span class='ocrx_word' id='word_1_145' title='bbox 1370 1527 1461 1572; x_wconf 91' lang='lat' dir='ltr'>sibi</span> <span class='ocrx_word' id='word_1_146' title='bbox 1496 1529 1600 1588; x_wconf 93' lang='lat' dir='ltr'>ipse</span> <span class='ocrx_word' id='word_1_147' title='bbox 1636 1530 1776 1572; x_wconf 88' lang='lat' dir='ltr'>satis-</span> 
     </span>
     <span class='ocr_line' id='line_1_21' title="bbox 195 1593 1775 1654; baseline 0.002 -18"><span class='ocrx_word' id='word_1_148' title='bbox 195 1599 271 1638; x_wconf 84' lang='lat'>103</span> <span class='ocrx_word' id='word_1_149' title='bbox 305 1593 518 1639; x_wconf 87' lang='lat' dir='ltr'>fecisset.</span> <span class='ocrx_word' id='word_1_150' title='bbox 588 1593 882 1654; x_wconf 89' lang='lat' dir='ltr'>displicebat</span> <span class='ocrx_word' id='word_1_151' title='bbox 933 1599 1102 1638; x_wconf 89' lang='lat' dir='ltr'>autem</span> <span class='ocrx_word' id='word_1_152' title='bbox 1154 1609 1229 1638; x_wconf 86' lang='lat' dir='ltr'>ars</span> <span class='ocrx_word' id='word_1_153' title='bbox 1280 1596 1412 1654; x_wconf 87' lang='lat' dir='ltr'>ipsa:</span> <span class='ocrx_word' id='word_1_154' title='bbox 1481 1609 1572 1638; x_wconf 90' lang='lat' dir='ltr'>nec</span> <span class='ocrx_word' id='word_1_155' title='bbox 1621 1597 1775 1639; x_wconf 91' lang='lat' dir='ltr'>minui</span> 
     </span>
     <span class='ocr_line' id='line_1_22' title="bbox 304 1659 1775 1722; baseline 0.001 -18"><span class='ocrx_word' id='word_1_156' title='bbox 304 1666 504 1722; x_wconf 91' lang='lat' dir='ltr'>poterat</span> <span class='ocrx_word' id='word_1_157' title='bbox 550 1667 602 1705; x_wconf 91' lang='lat' dir='ltr'>et</span> <span class='ocrx_word' id='word_1_158' title='bbox 647 1660 910 1705; x_wconf 80' lang='lat' dir='ltr'>videbatur</span> <span class='ocrx_word' id='word_1_159' title='bbox 955 1662 1106 1704; x_wconf 87' lang='lat' dir='ltr'>nimia</span> <span class='ocrx_word' id='word_1_160' title='bbox 1152 1676 1207 1705; x_wconf 89' lang='lat' dir='ltr'>ac</span> <span class='ocrx_word' id='word_1_161' title='bbox 1252 1659 1444 1722; x_wconf 81' lang='lat' dir='ltr'>longius</span> <span class='ocrx_word' id='word_1_162' title='bbox 1490 1676 1519 1705; x_wconf 89' lang='lat' dir='ltr'>a</span> <span class='ocrx_word' id='word_1_163' title='bbox 1563 1663 1775 1706; x_wconf 88' lang='lat' dir='ltr'>veritate</span> 
     </span>
     <span class='ocr_line' id='line_1_23' title="bbox 305 1726 1775 1789; baseline 0 -17"><span class='ocrx_word' id='word_1_164' title='bbox 305 1726 577 1780; x_wconf 90' lang='lat' dir='ltr'>discedere,</span> <span class='ocrx_word' id='word_1_165' title='bbox 605 1743 880 1788; x_wconf 89' lang='lat' dir='ltr'>spumaque</span> <span class='ocrx_word' id='word_1_166' title='bbox 907 1729 1061 1789; x_wconf 85' lang='lat' dir='ltr'>pingi,</span> <span class='ocrx_word' id='word_1_167' title='bbox 1088 1743 1186 1772; x_wconf 90' lang='lat' dir='ltr'>non</span> <span class='ocrx_word' id='word_1_168' title='bbox 1214 1742 1275 1771; x_wconf 86' lang='lat' dir='ltr'>ex</span> <span class='ocrx_word' id='word_1_169' title='bbox 1303 1742 1386 1772; x_wconf 92' lang='lat' dir='ltr'>ore</span> <span class='ocrx_word' id='word_1_170' title='bbox 1413 1729 1560 1772; x_wconf 89' lang='lat' dir='ltr'>nasci.</span> <span class='ocrx_word' id='word_1_171' title='bbox 1630 1730 1775 1773; x_wconf 87' lang='lat' dir='ltr'>anxio</span> 
     </span>
     <span class='ocr_line' id='line_1_24' title="bbox 306 1796 1774 1854; baseline 0.001 -16"><span class='ocrx_word' id='word_1_172' title='bbox 306 1796 454 1838; x_wconf 90' lang='lat' dir='ltr'>animi</span> <span class='ocrx_word' id='word_1_173' title='bbox 503 1796 740 1847; x_wconf 88' lang='lat' dir='ltr'>cruciatu,</span> <span class='ocrx_word' id='word_1_174' title='bbox 788 1810 900 1838; x_wconf 90' lang='lat' dir='ltr'>cum</span> <span class='ocrx_word' id='word_1_175' title='bbox 949 1797 997 1838; x_wconf 92' lang='lat' dir='ltr'>in</span> <span class='ocrx_word' id='word_1_176' title='bbox 1046 1796 1239 1854; x_wconf 89' lang='lat' dir='ltr'>pictura</span> <span class='ocrx_word' id='word_1_177' title='bbox 1286 1809 1457 1839; x_wconf 85' lang='lat' dir='ltr'>verum</span> <span class='ocrx_word' id='word_1_178' title='bbox 1505 1809 1630 1848; x_wconf 86' lang='lat' dir='ltr'>esse,</span> <span class='ocrx_word' id='word_1_179' title='bbox 1677 1811 1774 1840; x_wconf 91' lang='lat' dir='ltr'>non</span> 
     </span>
     <span class='ocr_line' id='line_1_25' title="bbox 306 1860 1774 1923; baseline 0.001 -17"><span class='ocrx_word' id='word_1_180' title='bbox 306 1860 567 1906; x_wconf 87' lang='lat' dir='ltr'>verisimile</span> <span class='ocrx_word' id='word_1_181' title='bbox 607 1860 774 1914; x_wconf 84' lang='lat' dir='ltr'>vellet,</span> <span class='ocrx_word' id='word_1_182' title='bbox 815 1861 1119 1906; x_wconf 87' lang='lat' dir='ltr'>absterserat</span> <span class='ocrx_word' id='word_1_183' title='bbox 1157 1862 1352 1921; x_wconf 91' lang='lat' dir='ltr'>saepius</span> <span class='ocrx_word' id='word_1_184' title='bbox 1391 1867 1774 1923; x_wconf 87' lang='lat' dir='ltr'>mutaveratque</span> 
     </span>
    </p>
   </div>
   <div class='ocr_carea' id='block_1_3' title="bbox 310 1956 1770 2263">
    <p class='ocr_par' dir='ltr' id='par_1_3' title="bbox 368 1956 1551 2006">
     <span class='ocr_line' id='line_1_26' title="bbox 368 1956 1551 2006; baseline 0 -11"><span class='ocrx_word' id='word_1_185' title='bbox 368 1956 382 1980; x_wconf 83' lang='lat'>1</span> <span class='ocrx_word' id='word_1_186' title='bbox 412 1958 515 1995; x_wconf 87' lang='lat' dir='ltr'>artis</span> <span class='ocrx_word' id='word_1_187' title='bbox 538 1957 869 1995; x_wconf 81' lang='lat' dir='ltr'>ostentationem</span> <span class='ocrx_word' id='word_1_188' title='bbox 892 1957 1089 1997; x_wconf 73' lang='lat' dir='ltr'>Rochetce.</span> <span class='ocrx_word' id='word_1_189' title='bbox 1230 1957 1244 1979; x_wconf 85' lang='lat'><strong>²</strong></span> <span class='ocrx_word' id='word_1_190' title='bbox 1274 1969 1358 2006; x_wconf 89' lang='lat' dir='ltr'>quo</span> <span class='ocrx_word' id='word_1_191' title='bbox 1381 1957 1551 1996; x_wconf 75' lang='lat' dir='ltr'>Traube.</span> 
     </span>
    </p>

    <p class='ocr_par' dir='ltr' id='par_1_4' title="bbox 366 2009 1753 2060">
     <span class='ocr_line' id='line_1_27' title="bbox 366 2009 1753 2060; baseline 0.001 -11"><span class='ocrx_word' id='word_1_192' title='bbox 366 2011 380 2033; x_wconf 85' lang='lat'><strong>³</strong></span> <span class='ocrx_word' id='word_1_193' title='bbox 409 2012 466 2049; x_wconf 86' lang='lat' dir='ltr'>sio</span> <span class='ocrx_word' id='word_1_194' title='bbox 490 2010 582 2049; x_wconf 75' lang='lat' dir='ltr'>add.</span> <span class='ocrx_word' id='word_1_195' title='bbox 611 2010 812 2060; x_wconf 58' lang='lat' dir='ltr'>illapshoff.</span> <span class='ocrx_word' id='word_1_196' title='bbox 1229 2010 1245 2033; x_wconf 79' lang='lat'>‘¹</span> <span class='ocrx_word' id='word_1_197' title='bbox 1274 2011 1531 2050; x_wconf 85' lang='lat' dir='ltr'>sustinerent</span> <span class='ocrx_word' id='word_1_198' title='bbox 1550 2009 1636 2050; x_wconf 79' lang='lat' dir='ltr'>edd.</span> <span class='ocrx_word' id='word_1_199' title='bbox 1662 2016 1753 2050; x_wconf 78' lang='lat' dir='ltr'>vett.</span> 
     </span>
    </p>

    <p class='ocr_par' dir='ltr' id='par_1_5' title="bbox 369 2063 1530 2109">
     <span class='ocr_line' id='line_1_28' title="bbox 369 2063 1530 2109; baseline 0 -7"><span class='ocrx_word' id='word_1_200' title='bbox 369 2063 383 2086; x_wconf 88' lang='lat'>⁵</span> <span class='ocrx_word' id='word_1_201' title='bbox 413 2064 652 2102; x_wconf 87' lang='lat' dir='ltr'>obstrueret</span> <span class='ocrx_word' id='word_1_202' title='bbox 679 2064 728 2109; x_wconf 89' lang='lat' dir='ltr'>B,</span> <span class='ocrx_word' id='word_1_203' title='bbox 757 2064 815 2102; x_wconf 83' lang='lat' dir='ltr'>cd.</span> <span class='ocrx_word' id='word_1_204' title='bbox 845 2064 942 2102; x_wconf 83' lang='lat' dir='ltr'>Par.</span> <span class='ocrx_word' id='word_1_205' title='bbox 972 2065 1104 2103; x_wconf 85' lang='lat'>6801:</span> <span class='ocrx_word' id='word_1_206' title='bbox 1151 2063 1421 2103; x_wconf 87' lang='lat' dir='ltr'>obstruerent</span> <span class='ocrx_word' id='word_1_207' title='bbox 1446 2064 1530 2104; x_wconf 84' lang='lat' dir='ltr'>rell.</span> 
     </span>
    </p>

    <p class='ocr_par' dir='ltr' id='par_1_6' title="bbox 368 2117 846 2156">
     <span class='ocr_line' id='line_1_29' title="bbox 368 2117 846 2156; baseline 0 0"><span class='ocrx_word' id='word_1_208' title='bbox 368 2118 383 2139; x_wconf 78' lang='lat'>⁸</span> <span class='ocrx_word' id='word_1_209' title='bbox 413 2117 634 2156; x_wconf 79' lang='lat' dir='ltr'>decidente</span> <span class='ocrx_word' id='word_1_210' title='bbox 657 2117 694 2155; x_wconf 89' lang='lat' dir='ltr'><em>B</em></span> <span class='ocrx_word' id='word_1_211' title='bbox 717 2120 846 2156; x_wconf 72' lang='lat' dir='ltr'>recte?</span> 
     </span>
    </p>

    <p class='ocr_par' dir='ltr' id='par_1_7' title="bbox 310 2169 1770 2263">
     <span class='ocr_line' id='line_1_30' title="bbox 368 2169 1770 2210; baseline 0.001 -2"><span class='ocrx_word' id='word_1_212' title='bbox 368 2171 382 2194; x_wconf 87' lang='lat'><strong>⁷</strong></span> <span class='ocrx_word' id='word_1_213' title='bbox 412 2184 479 2209; x_wconf 91' lang='lat' dir='ltr'>ars</span> <span class='ocrx_word' id='word_1_214' title='bbox 505 2175 548 2208; x_wconf 89' lang='lat' dir='ltr'>et</span> <span class='ocrx_word' id='word_1_215' title='bbox 575 2183 695 2209; x_wconf 87' lang='lat' dir='ltr'>casus</span> <span class='ocrx_word' id='word_1_216' title='bbox 729 2171 854 2210; x_wconf 84' lang='lat' dir='ltr'>Weil:</span> <span class='ocrx_word' id='word_1_217' title='bbox 901 2183 1022 2210; x_wconf 84' lang='lat' dir='ltr'>casus</span> <span class='ocrx_word' id='word_1_218' title='bbox 1048 2175 1091 2208; x_wconf 91' lang='lat' dir='ltr'>et</span> <span class='ocrx_word' id='word_1_219' title='bbox 1118 2183 1184 2208; x_wconf 84' lang='lat' dir='ltr'>ars</span> <span class='ocrx_word' id='word_1_220' title='bbox 1211 2169 1296 2209; x_wconf 69' lang='lat' dir='ltr'>edd.</span> <span class='ocrx_word' id='word_1_221' title='bbox 1327 2176 1446 2209; x_wconf 56' lang='lat' dir='ltr'>vem:</span> <span class='ocrx_word' id='word_1_222' title='bbox 1490 2174 1534 2209; x_wconf 88' lang='lat' dir='ltr'>et</span> <span class='ocrx_word' id='word_1_223' title='bbox 1560 2183 1681 2210; x_wconf 85' lang='lat' dir='ltr'>casus</span> <span class='ocrx_word' id='word_1_224' title='bbox 1707 2171 1770 2210; x_wconf 89' lang='lat' dir='ltr'>B:</span> 
     </span>
     <span class='ocr_line' id='line_1_31' title="bbox 310 2224 537 2263; baseline 0 -1"><span class='ocrx_word' id='word_1_225' title='bbox 310 2237 430 2262; x_wconf 88' lang='lat' dir='ltr'>casus</span> <span class='ocrx_word' id='word_1_226' title='bbox 455 2224 537 2263; x_wconf 84' lang='lat' dir='ltr'>rell.</span> 
     </span>
    </p>
   </div>
   <div class='ocr_carea' id='block_1_4' title="bbox 306 2295 520 2300">
    <p class='ocr_par' dir='ltr' id='par_1_8' title="bbox 306 2295 520 2300">
     <span class='ocr_line' id='line_1_32' title="bbox 306 2295 520 2300; baseline 0 0"><span class='ocrx_word' id='word_1_227' title='bbox 306 2295 520 2300; x_wconf 95' lang='lat' dir='ltr'> </span> 
     </span>
    </p>
   </div>
   <div class='ocr_carea' id='block_1_5' title="bbox 297 2331 1771 2596">
    <p class='ocr_par' dir='ltr' id='par_1_9' title="bbox 297 2331 1771 2436">
     <span class='ocr_line' id='line_1_33' title="bbox 354 2331 1771 2371; baseline 0.001 -2"><span class='ocrx_word' id='word_1_228' title='bbox 354 2338 371 2355; x_wconf 84' lang='lat'><strong><em>⁰</em></strong></span> <span class='ocrx_word' id='word_1_229' title='bbox 403 2332 729 2370; x_wconf 81' lang='lat' dir='ltr'>Patron-heroes</span> <span class='ocrx_word' id='word_1_230' title='bbox 753 2331 801 2370; x_wconf 90' lang='lat' dir='ltr'>of</span> <span class='ocrx_word' id='word_1_231' title='bbox 823 2332 968 2371; x_wconf 84' lang='lat' dir='ltr'>sacred</span> <span class='ocrx_word' id='word_1_232' title='bbox 993 2331 1208 2370; x_wconf 83' lang='lat' dir='ltr'>Athenian</span> <span class='ocrx_word' id='word_1_233' title='bbox 1231 2332 1423 2371; x_wconf 86' lang='lat' dir='ltr'>triremes</span> <span class='ocrx_word' id='word_1_234' title='bbox 1447 2331 1550 2370; x_wconf 90' lang='lat' dir='ltr'>used</span> <span class='ocrx_word' id='word_1_235' title='bbox 1574 2332 1614 2370; x_wconf 89' lang='lat' dir='ltr'>in</span> <span class='ocrx_word' id='word_1_236' title='bbox 1643 2336 1771 2370; x_wconf 86' lang='lat' dir='ltr'>state-</span> 
     </span>
     <span class='ocr_line' id='line_1_34' title="bbox 297 2385 1770 2436; baseline -0.001 -11"><span class='ocrx_word' id='word_1_237' title='bbox 297 2386 488 2425; x_wconf 84' lang='lat' dir='ltr'>services.</span> <span class='ocrx_word' id='word_1_238' title='bbox 549 2386 636 2424; x_wconf 87' lang='lat' dir='ltr'>The</span> <span class='ocrx_word' id='word_1_239' title='bbox 660 2386 940 2424; x_wconf 86' lang='lat' dir='ltr'>Hammonias</span> <span class='ocrx_word' id='word_1_240' title='bbox 961 2385 1156 2436; x_wconf 87' lang='lat' dir='ltr'>replaced</span> <span class='ocrx_word' id='word_1_241' title='bbox 1178 2385 1251 2424; x_wconf 88' lang='lat' dir='ltr'>the</span> <span class='ocrx_word' id='word_1_242' title='bbox 1273 2385 1390 2424; x_wconf 89' lang='lat' dir='ltr'>older</span> <span class='ocrx_word' id='word_1_243' title='bbox 1410 2385 1504 2436; x_wconf 90' lang='lat' dir='ltr'>ship</span> <span class='ocrx_word' id='word_1_244' title='bbox 1527 2385 1770 2424; x_wconf 85' lang='lat' dir='ltr'>Salaminia.</span> 
     </span>
    </p>

    <p class='ocr_par' dir='ltr' id='par_1_10' title="bbox 355 2438 1114 2489">
     <span class='ocr_line' id='line_1_35' title="bbox 355 2438 1114 2489; baseline 0.001 -13"><span class='ocrx_word' id='word_1_245' title='bbox 355 2439 374 2465; x_wconf 71' lang='lat'>¹·</span> <span class='ocrx_word' id='word_1_246' title='bbox 402 2438 641 2477; x_wconf 78' lang='lat' dir='ltr'>Incidental</span> <span class='ocrx_word' id='word_1_247' title='bbox 664 2439 817 2478; x_wconf 85' lang='lat' dir='ltr'>details</span> <span class='ocrx_word' id='word_1_248' title='bbox 840 2439 887 2477; x_wconf 87' lang='lat' dir='ltr'>of</span> <span class='ocrx_word' id='word_1_249' title='bbox 904 2452 990 2489; x_wconf 85' lang='lat' dir='ltr'>any</span> <span class='ocrx_word' id='word_1_250' title='bbox 1012 2443 1114 2477; x_wconf 84' lang='lat' dir='ltr'>sort.</span> 
     </span>
    </p>

    <p class='ocr_par' dir='ltr' id='par_1_11' title="bbox 299 2490 1771 2596">
     <span class='ocr_line' id='line_1_36' title="bbox 355 2490 1771 2543; baseline 0 -13"><span class='ocrx_word' id='word_1_251' title='bbox 355 2499 368 2517; x_wconf 84' lang='lat'><strong>⁰</strong></span> <span class='ocrx_word' id='word_1_252' title='bbox 398 2492 516 2531; x_wconf 84' lang='lat' dir='ltr'>With</span> <span class='ocrx_word' id='word_1_253' title='bbox 548 2493 757 2531; x_wconf 82' lang='lat' dir='ltr'>reference</span> <span class='ocrx_word' id='word_1_254' title='bbox 789 2492 972 2543; x_wconf 86' lang='lat' dir='ltr'>perhaps</span> <span class='ocrx_word' id='word_1_255' title='bbox 1004 2496 1050 2531; x_wconf 87' lang='lat' dir='ltr'>to</span> <span class='ocrx_word' id='word_1_256' title='bbox 1083 2492 1156 2529; x_wconf 84' lang='lat' dir='ltr'>the</span> <span class='ocrx_word' id='word_1_257' title='bbox 1188 2491 1410 2541; x_wconf 82' lang='lat' dir='ltr'>Acropolis</span> <span class='ocrx_word' id='word_1_258' title='bbox 1442 2504 1488 2530; x_wconf 92' lang='lat' dir='ltr'>or</span> <span class='ocrx_word' id='word_1_259' title='bbox 1520 2490 1771 2542; x_wconf 84' lang='lat' dir='ltr'>stronghold</span> 
     </span>
     <span class='ocr_line' id='line_1_37' title="bbox 299 2544 1770 2596; baseline -0.001 -13"><span class='ocrx_word' id='word_1_260' title='bbox 299 2548 408 2595; x_wconf 72' lang='lat' dir='ltr'>(arx)</span> <span class='ocrx_word' id='word_1_261' title='bbox 431 2546 478 2584; x_wconf 87' lang='lat' dir='ltr'>of</span> <span class='ocrx_word' id='word_1_262' title='bbox 497 2546 671 2584; x_wconf 84' lang='lat' dir='ltr'>Athens.</span> <span class='ocrx_word' id='word_1_263' title='bbox 797 2544 816 2568; x_wconf 77' lang='lat'>‘¹</span> <span class='ocrx_word' id='word_1_264' title='bbox 845 2545 1049 2596; x_wconf 78' lang='lat' dir='ltr'>Mythical</span> <span class='ocrx_word' id='word_1_265' title='bbox 1069 2545 1252 2584; x_wconf 90' lang='lat' dir='ltr'>founder</span> <span class='ocrx_word' id='word_1_266' title='bbox 1271 2544 1318 2583; x_wconf 88' lang='lat' dir='ltr'>of</span> <span class='ocrx_word' id='word_1_267' title='bbox 1334 2544 1502 2595; x_wconf 83' lang='lat' dir='ltr'>Ialysus</span> <span class='ocrx_word' id='word_1_268' title='bbox 1521 2545 1562 2584; x_wconf 88' lang='lat' dir='ltr'>in</span> <span class='ocrx_word' id='word_1_269' title='bbox 1585 2545 1770 2584; x_wconf 83' lang='lat' dir='ltr'>Rhodes.</span> 
     </span>
    </p>
   </div>
   <div class='ocr_carea' id='block_1_6' title="bbox 300 2612 390 2676">
    <p class='ocr_par' dir='ltr' id='par_1_12' title="bbox 300 2612 390 2676">
     <span class='ocr_line' id='line_1_38' title="bbox 300 2612 390 2676; baseline 0 0"><span class='ocrx_word' id='word_1_270' title='bbox 300 2612 390 2676; x_wconf 79' lang='lat'>336</span> 
     </span>
    </p>
   </div>
  </div>
 </body>
</html>
