1873 3020
238 558 289 596 88

238 1198 288 1235 89

239 1757 290 1796 90

576 180 732 226 PLIN
739 181 781 226 Y
800 197 810 226 ε
864 180 1192 227 NATURAL
1237 179 1530 227 HISTORY

319 309 607 355 bibendum.
676 309 905 355 tunditur
929 312 978 354 in
1003 308 1121 370 pila,
1145 308 1261 354 dein
1287 311 1425 354 tenui
1451 308 1610 354 cribro
1633 312 1786 354 cerni-

320 397 418 444 tur,
469 396 643 451 postea
692 388 894 434 molitur
942 405 999 434 ac
1048 388 1230 434 deinde
1280 391 1480 433 tenuius
1529 388 1787 434 cribratur.

320 469 561 533 quidquid
613 486 711 515 non
762 475 1058 523 transmeat,
1110 471 1356 530 repetitur
1405 471 1455 513 in
1507 467 1624 530 pila,
1672 467 1788 514 dein

321 550 534 595 molitur.
603 549 761 611 pulvis
800 565 998 610 semper
1036 552 1085 594 in
1123 551 1314 594 catinos
1353 548 1597 611 digeritur
1635 554 1688 594 et
1727 564 1789 594 ex

320 637 463 676 aceto
489 637 788 683 maceratur,
813 636 870 674 ut
895 632 1052 674 omnis
1077 628 1261 674 duritia
1285 628 1520 683 solvatur,
1544 645 1601 674 ac
1625 644 1789 674 rursus

320 710 565 765 tunditur,
619 709 735 756 dein
788 709 1000 763 lavatur,
1054 712 1103 754 in
1157 708 1353 754 conchis
1406 712 1635 763 siccatur,
1681 714 1788 754 tum

318 793 566 852 tinguitur
597 790 814 835 alumine
847 789 1031 835 schisto
1065 796 1117 835 et
1150 788 1305 834 herba
1337 805 1487 851 supra
1517 788 1652 834 dicta
1684 790 1790 850 pin-

319 874 572 933 gitur-que,
623 876 897 932 antequam
949 872 1141 932 pingat.
1209 867 1367 914 refert
1417 885 1568 931 quarn
1619 867 1791 914 bibula

318 950 588 1012 docilisque
612 953 692 996 sit.
761 966 876 995 nam
902 952 991 995 nisi
1017 952 1184 1011 rapuit
1207 948 1438 1004 colorem,
1462 948 1715 994 adduntur
1738 954 1790 994 et

319 1037 581 1092 scytanum
605 1037 760 1092 atque
783 1030 1082 1083 turbistum3
1123 1032 1196 1075 ita
1219 1035 1400 1075 vocant
1422 1028 1792 1074 medicamenta

317 1111 517 1156 sorbere
541 1113 789 1172 cogentia.

383 1190 592 1235 XXVII.
631 1189 755 1235 Cum
814 1192 1010 1235 tinxere
1067 1192 1300 1251 pictores,
1347 1188 1562 1234 orobitin
1614 1195 1792 1234 vocant

321 1273 525 1332 eiusque
557 1270 656 1315 duo
685 1286 873 1332 genera
902 1268 1121 1315 faciunt:
1158 1269 1385 1324 elutam,1
1410 1285 1539 1331 quae
1567 1275 1792 1314 servatur

320 1353 369 1395 in
403 1349 697 1404 lomentum,
732 1356 785 1395 et
817 1349 1058 1412 liquidam
1089 1348 1301 1411 globulis
1335 1348 1513 1395 sudore
1546 1348 1789 1394 resolutis.

319 1428 443 1476 haec
481 1437 694 1492 utraque
730 1445 919 1492 genera
955 1433 1003 1474 in
1042 1428 1207 1492 Cypro
1244 1429 1385 1475 fiunt.
1451 1428 1791 1474 laudatissima

320 1517 492 1555 autem
516 1517 593 1556 est
615 1512 665 1555 in
688 1509 945 1565 Armenia,
967 1509 1187 1555 secunda
1209 1512 1260 1554 in
1285 1508 1602 1562 Macedonia,
1622 1508 1791 1570 largis-

319 1593 443 1636 sima
496 1592 543 1634 in
598 1589 868 1651 Hispania3
937 1606 1130 1635 summa
1150 1587 1169 1616 2
1221 1588 1684 1642 commendationiS‚
1736 1594 1792 1633 ut

321 1670 535 1716 colorem
567 1673 616 1715 in
651 1669 806 1715 herba
838 1673 1024 1731 segetis
1057 1669 1191 1715 laete
1225 1672 1428 1715 virentis
1462 1685 1610 1731 quarn
1644 1667 1791 1714 simil-

323 1749 437 1796 lime
480 1749 675 1796 reddat.
743 1753 1002 1811 visumque
1044 1752 1141 1794 iam
1188 1756 1265 1795 est
1309 1749 1517 1795 Neronis
1560 1751 1791 1810 principis

320 1830 616 1891 spectaculis
638 1829 877 1875 harenam
899 1833 1011 1875 circi
1034 1829 1337 1893 chrysocolla
1357 1832 1530 1884 sterni,
1552 1845 1664 1875 cum
1686 1831 1791 1890 ipse

321 1910 563 1956 concolori
588 1927 754 1972 panno
779 1913 1094 1972 aurigaturus
1121 1916 1269 1956 esset.
1337 1909 1537 1955 indocta
1561 1908 1790 1970 opificum

323 1990 468 2035 turba
487 1990 644 2036 tribus
662 2006 774 2035 eam
790 1989 1057 2052 generibus
1075 1989 1366 2052 distinguit:
1401 2005 1646 2051 asperam,
1663 2004 1792 2051 quae

389 2125 402 2148 1
435 2125 594 2164 luteam
615 2123 862 2163 Hermolaus
881 2123 1093 2163 Barbarus
1104 2123 1281 2174 sortasse
1299 2128 1398 2164 recte
1419 2122 1491 2173 (cf.
1513 2124 1531 2173 ξ
1551 2125 1633 2172 91).

386 2178 402 2202 ²
439 2179 513 2218 VJ.
555 2191 773 2218 summae:
814 2191 982 2217 summa
1002 2182 1067 2217 est
1087 2178 1183 2217 Ian.

491 2396 508 2414 ⁰
538 2390 600 2431 Cf.
629 2390 814 2429 XXXV.
843 2391 932 2429 186.

494 2444 509 2467 δ
537 2444 670 2483 These
692 2449 777 2483 two
798 2443 1047 2483 substances
1069 2443 1178 2482 have
1200 2447 1277 2482 not
1301 2443 1405 2482 been
1427 2441 1656 2482 identified.

491 2503 505 2521 ⁶
535 2497 721 2549 Perhaps
740 2510 801 2536 we
821 2496 970 2536 should
992 2496 1125 2547 adopt
1144 2496 1217 2536 the
1238 2495 1408 2549 reading
1427 2497 1591 2536 luteam.

325 2575 383 2619 68
