1899 3015
214 628 287 666 184

572 201 813 247 PLINY:
872 201 1199 248 NATURAL
1242 201 1535 248 HISTORY

321 332 424 375 eius
454 344 654 391 genera.
723 331 773 374 in
803 328 967 392 Cypro
996 328 1262 374 candidum
1293 335 1346 375 et
1375 331 1576 391 nigrius,
1608 332 1789 392 exigua

322 402 492 447 coloris
513 401 530 429 1
567 400 864 455 differentia,
900 418 1013 448 cum
1049 405 1113 448 sit
1149 418 1264 448 usus
1300 402 1520 465 magna,2
1556 406 1788 464 quoniam

322 475 592 520 inficiendis
628 474 757 521 claro
793 475 952 521 colore
988 474 1110 520 lanis
1147 475 1412 521 candidum
1447 475 1788 538 liquidumque

321 548 633 594 utilissimum
658 555 734 594 est
758 555 1030 610 contraque
1054 547 1201 594 fuscis
1226 555 1314 594 aut
1337 549 1553 594 obscuris
1577 551 1787 612 nigrum.

320 628 372 666 et
403 638 577 667 aurum
608 624 748 684 nigro
778 628 1034 684 purgatur.
1104 621 1161 667 fit
1191 628 1361 667 autem
1391 638 1537 667 omne
1569 638 1630 668 ex
1661 639 1791 685 aqua

322 695 554 757 limoque,
608 694 698 741 hoc
753 702 828 740 est
881 702 1045 740 terrae
1100 695 1364 741 exudantis
1418 702 1610 742 natura.
1678 712 1790 742 con-

321 770 532 813 rivatum
586 767 750 814 hieme
805 771 1002 814 aestivis
1057 768 1239 814 solibus
1293 775 1589 815 maturatur.
1658 769 1791 831 quod

322 840 416 886 fuit
443 857 504 886 ex
532 857 591 887 eo
617 858 848 903 praecox,
875 841 1130 888 candidius
1158 842 1228 888 fit.
1297 844 1519 904 gignitur
1545 849 1715 888 autem
1741 845 1788 888 in

323 914 577 976 Hispania,
630 916 884 978 Aegypto,
936 915 1190 969 Armenia,
1246 914 1560 969 Macedonia,
1614 913 1790 971 Ponto,

320 986 503 1041 Africa,
552 988 719 1034 insulis
767 988 1007 1042 Sardinia,
1059 987 1213 1042 Melo,
1263 988 1460 1049 Lipara,
1508 988 1790 1052 Strongyle,

322 1060 714 1107 laudatissimum
772 1064 821 1106 in
879 1062 1132 1124 Aegypto,
1191 1064 1471 1123 proximum
1527 1065 1576 1107 in
1637 1062 1788 1109 Melo.

321 1133 462 1180 huius
507 1151 706 1196 quoque
751 1135 880 1181 duae
926 1138 1132 1197 species,
1177 1134 1419 1197 liquidum
1463 1138 1788 1198 spissumque.

322 1207 490 1269 liquidi
533 1209 761 1269 probatio
805 1215 860 1254 ut
902 1211 965 1254 sit
1008 1208 1266 1270 limpidum
1308 1207 1644 1271 lacteumque,
1686 1212 1790 1256 sine

320 1279 514 1326 offensis
544 1280 767 1336 fricandi,
796 1298 908 1327 cum
937 1282 1153 1344 quodam
1182 1281 1396 1344 igniculo
1424 1281 1635 1328 eoloris.³
1700 1281 1791 1329 hoc

323 1353 581 1415 phorimon
603 1355 623 1383 4
662 1362 855 1400 vocant.
925 1372 988 1400 an
1026 1358 1090 1401 sit
1127 1355 1483 1410 adulteratum,
1515 1355 1791 1418 deprehen-

321 1427 455 1473 ditur
487 1444 603 1474 suco
638 1426 807 1474 Punici
842 1428 985 1483 mali3
1037 1432 1281 1474 sincerum
1317 1431 1448 1473 enim
1481 1432 1699 1475 mixtura
1732 1446 1791 1476 ea

321 1517 417 1546 non
452 1502 724 1563 nigrescit.5
791 1502 1002 1548 alterum
1036 1519 1194 1565 genus
1229 1508 1306 1547 est
1342 1501 1511 1564 pallidi
1546 1509 1598 1548 et
1633 1503 1790 1548 scabri

322 1580 373 1620 et
419 1575 552 1636 quod
597 1575 844 1621 inficiatur
890 1576 978 1621 et⁸
1024 1575 1172 1638 galla,
1218 1575 1431 1637 ideoque
1475 1575 1567 1622 hoc
1612 1583 1791 1622 vocant

384 1680 395 1702 ¹
426 1681 721 1731 coloribusque
750 1682 812 1720 B:
858 1682 1009 1722 coloris
1037 1683 1236 1732 visusque
1262 1683 1367 1721 coni.
1398 1682 1598 1734 Mayhoff.

381 1734 395 1756 ²
426 1747 580 1785 magna
603 1736 750 1774 Gelan:
791 1736 948 1787 magni.

378 1787 393 1811 ³
424 1788 573 1827 caloris
598 1788 684 1827 edd.
713 1794 803 1828 vett.

378 1841 393 1863 ¹¹
423 1841 648 1892 phorimon
674 1842 760 1881 edd.
784 1848 875 1881 vett.
893 1842 980 1881 coll.
1003 1842 1157 1888 Galen„
1179 1841 1283 1882 κατὰ
1300 1842 1462 1889 τόπους,
1485 1842 1539 1882 vi.
1558 1845 1604 1883 3:
1640 1843 1783 1895 porth-

326 1906 426 1932 mon
445 1901 516 1933 aut
537 1900 739 1945 portmon
760 1896 831 1944 (Β)
852 1902 923 1935 aut
944 1896 1155 1947 pontinon
1175 1901 1245 1934 αῑιι
1266 1896 1523 1948 posthonon.

383 1947 397 1969 ⁵
429 1949 617 1987 mixtura
654 1962 704 1987 ea
741 1962 828 1988 non
866 1949 1064 2000 nigrescit
1101 1949 1156 1988 K.
1198 1949 1244 1988 O.
1284 1950 1457 1999 Bailey·
1514 1949 1702 1989 mixtura
1739 1963 1789 1989 ea

325 2001 520 2050 nigrescit
545 2001 604 2040 cd.
633 2002 742 2041 Flor.
770 2003 881 2041 Ricc.
909 2008 953 2041 ut
980 2002 1163 2042 videtur:
1209 2003 1442 2041 mixturam
1467 2002 1577 2054 fugit
1602 2003 1661 2042 cd.
1690 2004 1786 2043 Par.

325 2056 457 2094 6801.
489 2055 677 2094 mixtura
697 2056 781 2095 rell.
803 2072 811 2095 :
842 2056 1031 2095 mixtura
1051 2056 1238 2095 inficitur
1257 2057 1363 2095 coni.
1388 2056 1589 2108 Mayhffoff

381 2108 470 2147 “et
495 2108 711 2159 Mayhoff·
754 2123 779 2148 a
802 2110 866 2148 B.
909 2123 987 2149 om.
1013 2110 1096 2148 rell.

378 2263 395 2280 ‘²
424 2257 630 2308 Sulphate
668 2257 716 2296 of
749 2257 1002 2297 aluminium
1039 2257 1180 2296 would
1219 2257 1270 2297 be
1316 2257 1451 2297 useful
1497 2257 1562 2297 for
1607 2258 1784 2310 dyeing;

323 2311 611 2361 potash-alum
645 2311 729 2349 and
760 2311 968 2362 alunogen
1002 2312 1125 2350 could
1155 2312 1329 2362 provide
1359 2312 1430 2350 the
1461 2312 1601 2363 bright
1630 2312 1785 2359 colour,

321 2364 404 2402 and
421 2364 558 2402 aluins
574 2365 818 2415 containing
836 2365 987 2403 metals
1002 2365 1074 2403 the
1090 2365 1256 2403 sombre
1272 2365 1437 2404 colours
1453 2366 1526 2414 (K.
1543 2365 1586 2405 C.
1605 2365 1784 2416 Bailey).

380 2417 394 2441 ὸ
423 2417 485 2456 Cf.
512 2417 729 2464 XXXIII,
755 2420 828 2463 65;
869 2418 958 2456 also
982 2418 1047 2456 for
1070 2419 1288 2469 removing
1314 2418 1471 2457 baleful
1494 2418 1720 2458 influences
1743 2419 1791 2459 of

320 2470 417 2521 gold
439 2470 534 2509 held
554 2471 690 2509 above
710 2471 781 2509 the
801 2471 922 2516 head,
944 2471 995 2510 cf.
1019 2471 1234 2512 XXXIII.
1257 2474 1320 2509 84.

376 2529 391 2548 ⁰
423 2524 570 2562 where
594 2524 883 2574 potash-alum
908 2525 942 2563 is
964 2524 1109 2563 found.

316 2601 404 2666 396
