1899 3015
226 371 300 411 176

223 1973 298 2013 178

583 238 825 285 PLINY:
883 239 1210 285 NATURAL
1253 240 1545 286 HISTORY

333 369 556 412 materia.
625 366 757 428 quod
789 366 1018 412 derasum
1053 375 1145 422 est,
1177 370 1356 413 teritur
1388 375 1440 413 et
1471 368 1713 414 cribratur
1744 376 1796 414 et

332 449 560 507 coquitur
611 449 660 492 in
713 449 893 508 patinis
948 449 1282 508 misceturque
1337 447 1584 501 rudiculiS,
1639 448 1795 494 donec

331 525 547 572 rufescat
601 533 653 572 et
705 526 861 572 simile
916 526 1213 572 sandaracae
1268 527 1367 572 fiat.
1437 527 1550 572 dein
1606 527 1796 573 lavatur

332 606 460 652 dulci
500 623 645 668 aqua,
683 607 840 652 donec
878 606 1151 652 nubeculae
1189 623 1358 652 omnes
1398 606 1640 653 eluantur.
1710 610 1795 653 sic-

332 694 473 732 catur
507 694 680 748 postea
719 686 943 732 similiter
979 693 1031 731 et
1067 689 1116 731 in
1153 686 1372 748 pastillos
1409 687 1656 733 dividitur.
1727 690 1795 734 vis

333 770 436 812 eius
472 766 646 812 eadem
682 783 810 828 quae
845 783 992 828 supra
1026 767 1186 821 dictis,
1222 766 1469 812 lenissima
1501 774 1699 813 tantum
1735 783 1795 813 ex

331 847 574 901 omnibus,
610 853 908 908 praeterque
943 847 1006 892 ad
1040 847 1305 892 candorem
1340 846 1650 892 feminarum.
1720 854 1795 893 est

332 933 501 972 autem
554 926 715 972 letalis
767 933 888 988 potu
940 929 1068 972 sicut
1118 943 1290 988 spuma
1344 929 1553 989 argenti.
1622 933 1796 989 postea

331 1022 527 1052 cerussa
550 1009 672 1068 ipsa,
695 1010 734 1053 si
758 1014 1016 1069 coquatur,
1040 1005 1256 1053 rufescit.

395 1086 496 1132 LV.
533 1086 841 1132 Sandaracae
865 1103 1061 1149 quoque
1084 1087 1442 1149 propemodum
1464 1086 1598 1133 dicta
1620 1094 1798 1133 natura

333 1174 423 1212 est.
495 1170 742 1212 invenitur
768 1174 938 1213 autem
966 1174 1017 1212 et
1043 1170 1092 1212 in
1119 1170 1321 1212 aurariis
1349 1174 1402 1213 et
1426 1170 1476 1212 in
1503 1170 1795 1230 argentariis

330 1247 561 1301 metallis,
592 1247 765 1293 melior
796 1264 893 1309 quo
924 1250 1080 1310 magis
1112 1246 1221 1292 rufa
1252 1263 1449 1309 quoque
1481 1250 1636 1310 magis
1668 1250 1796 1294 virus

331 1326 578 1389 sulpuris1
618 1327 844 1373 redolens
884 1344 939 1373 ac
977 1344 1101 1390 pura
1126 1327 1443 1390 friabilisque.
1514 1327 1646 1373 valet
1686 1344 1796 1389 pur-

329 1423 466 1470 gare,
526 1410 716 1461 sistere,
778 1407 1099 1461 excalfacere,
1160 1408 1380 1462 erodere,
1441 1424 1634 1453 summa
1693 1411 1796 1454 eius

330 1488 448 1534 dote
505 1491 708 1551 septica.
792 1488 962 1550 explet
1018 1488 1259 1550 alopecias
1314 1504 1373 1533 ex
1432 1495 1574 1534 aceto
1629 1487 1796 1542 inlita3

331 1567 533 1614 additur
591 1567 843 1614 oculorum
906 1568 1310 1622 medicamentis3
1388 1567 1554 1613 fauces
1616 1575 1796 1631 purgat

330 1664 442 1693 cum
474 1648 622 1694 melle
655 1655 855 1710 sumpta
888 1664 1159 1710 vocemque
1193 1648 1447 1710 limpidam
1482 1655 1534 1693 et
1566 1664 1795 1694 canoram

331 1728 476 1782 facit3
536 1731 808 1790 suspiriosis
852 1735 903 1774 et
945 1729 1269 1774 tussientibus
1312 1727 1524 1774 iucunde
1567 1728 1798 1774 medetur

330 1824 441 1853 cum
496 1812 658 1854 resina
711 1808 1049 1855 terebinthina
1103 1812 1151 1854 in
1204 1809 1312 1854 cibo
1365 1815 1581 1870 sumpta,
1634 1808 1797 1854 suffita

331 1905 529 1951 quoque
556 1906 668 1934 cum
694 1889 842 1935 cedro
868 1892 972 1950 ipso
998 1889 1170 1935 nidore
1196 1888 1353 1935 isdem
1378 1888 1623 1935 medetur.

396 1968 523 2014 LVI.
561 1970 626 2015 Et
650 1968 960 2015 arrhenicum
985 1985 1045 2014 ex
1071 1969 1247 2015 eadem
1272 1976 1347 2015 est
1370 1971 1593 2014 materia.
1663 1968 1795 2031 quod

330 2052 591 2110 optimum,
633 2049 802 2095 coloris
846 2052 997 2095 etiam
1039 2052 1086 2094 in
1131 2066 1248 2095 auro
1291 2048 1606 2103 excellentis3
1665 2048 1796 2110 quod

330 2144 444 2175 vero
488 2129 720 2190 pallidius
766 2136 853 2175 aut
896 2129 1194 2175 sandaracae
1239 2129 1394 2174 simile
1441 2136 1533 2183 est,
1578 2128 1796 2174 deterius

331 2208 590 2254 iudicatur.
660 2216 735 2255 est
796 2216 848 2255 et
907 2212 1113 2255 tertium
1171 2225 1346 2272 genus,
1407 2226 1504 2270 quo
1562 2211 1798 2254 miscetur

331 2304 508 2335 aureus
548 2289 679 2336 color
719 2289 1033 2335 sandaracae.
1102 2296 1313 2351 utraque
1354 2288 1476 2335 haec
1517 2304 1796 2351 squamosa,

800 2396 808 2416 ¹
841 2395 1023 2446 sulpuris
1043 2395 1136 2434 add.
1161 2395 1362 2445 Mayhosf.

732 2508 750 2526 ‘¹
780 2503 872 2542 Red
893 2503 1088 2554 sulphide
1108 2503 1157 2541 of
1172 2503 1345 2542 arsenio.

735 2556 748 2578 ὸ
778 2557 939 2595 Yellow
961 2557 1153 2608 sulphide
1177 2557 1224 2596 of
1240 2557 1412 2596 arsenio.

329 2647 415 2691 254
