1899 3015
590 206 832 253 PLINY:
891 206 1218 253 NATURAL
1260 205 1554 253 HISTORY

228 341 302 380 130
398 333 588 379 Eodem
644 341 870 395 tempore
925 333 1063 379 fuere
1119 333 1337 395 Cydias)
1392 337 1529 379 cuius
1583 332 1806 379 tabulam

336 401 650 463 Argonautas
682 415 740 445 Hs
771 418 1007 447 cxxxx1111
1040 400 1334 445 Hortensius
1365 407 1530 446 orator
1559 407 1806 446 mercatus

337 474 412 513 est
441 470 585 529 eique
612 467 787 512 aedem
809 466 929 512 fecit
948 470 997 511 in
1023 467 1064 512 T
1067 467 1299 512 usculano
1319 483 1420 513 suo.
1473 466 1806 528 Euphranoris

336 541 505 579 autem
557 533 822 595 discipulus
875 533 1162 579 Antidotus.
1232 532 1375 579 huius
1419 541 1495 579 est
1537 533 1694 595 clipeo
1736 533 1805 580 di-

335 604 519 646 micans
558 600 768 646 Athenis
806 607 858 645 et
894 600 1108 645 luctator
1143 600 1448 662 tubicenque
1485 603 1616 645 inter
1647 616 1807 662 pauca

338 667 582 713 laudatus.
651 670 756 728 ipse
820 666 1103 729 diligentior
1168 682 1317 728 quam
1382 669 1685 712 numerosior
1755 674 1808 713 et

336 737 384 779 in
437 734 677 779 coloribus
727 749 926 778 severus
951 733 969 762 2
1020 736 1237 778 maxime
1291 732 1518 778 inclaruit
1570 733 1807 795 discipulo

338 800 476 845 Nicia
504 800 830 854 Atheniense,
858 803 943 861 qui
969 799 1345 862 diligentissime
1371 799 1602 845 mulieres
1629 803 1804 861 pinxit.

232 873 296 911 131
336 867 502 912 lumen
547 874 599 912 et
643 867 840 912 umbras
884 867 1118 912 custodiit
1162 873 1315 927 atque
1359 873 1415 911 ut
1458 869 1737 912 eminerent
1779 883 1806 912 e

337 933 516 979 tabulis
565 933 827 995 picturae3
873 936 1088 978 maxime
1136 935 1339 978 curavit.
1408 933 1656 994 operum4
1704 936 1806 980 eius

338 1000 527 1045 Nemea
563 1000 772 1045 advecta
807 1016 867 1045 ex
902 1001 1021 1045 Asia
1054 1000 1263 1045 Romam
1298 1016 1325 1044 a
1359 998 1540 1054 Silano,
1574 1016 1724 1061 quam
1757 1003 1807 1046 in

335 1070 470 1112 curia
513 1067 724 1112 diximus
769 1069 998 1128 positam,
1042 1069 1163 1112 item
1211 1066 1359 1112 Liber
1402 1073 1546 1128 pater
1588 1069 1637 1111 in
1682 1066 1806 1112 aede

339 1134 659 1186 Concordiae,
718 1133 1047 1196 Hyacinthus,
1105 1149 1253 1194 quem
1311 1133 1493 1178 Caesar
1548 1133 1806 1196 Augustus

339 1200 617 1246 delectatus
659 1216 717 1245 eo
757 1216 923 1245 secum
964 1200 1247 1261 deportavit
1286 1199 1605 1245 Alexandrea
1642 1207 1806 1261 capta,

340 1274 391 1312 et
419 1268 481 1312 ob
510 1267 559 1312 id
585 1267 810 1312 Tiberius
838 1267 1020 1312 Caesar
1047 1270 1096 1311 in
1124 1266 1312 1328 templo
1341 1269 1445 1311 eius
1473 1266 1654 1312 dicavit
1680 1265 1806 1312 hanc

340 1333 578 1389 tabulam,
630 1340 681 1378 et
730 1334 947 1387 Danae,5
1009 1332 1193 1394 Ephesi
1243 1348 1357 1378 vero
1406 1339 1482 1378 est
1528 1334 1805 1396 megabyzi,

235 1406 304 1444 132
340 1400 607 1445 sacerdotis
661 1399 907 1461 Ephesiae
963 1400 1173 1454 Dianae,
1221 1399 1553 1461 sepulchrum,
1595 1399 1805 1446 Athenis

339 1474 701 1529 necyomantea
750 1467 969 1512 Homeri.
1038 1466 1163 1512 hanc
1213 1466 1428 1511 vendere
1477 1466 1652 1512 Attalo
1700 1470 1804 1529 regi

338 1533 495 1579 noluit
542 1534 742 1578 talentis
789 1549 845 1578 Lx
891 1536 1155 1595 potiusque
1202 1536 1393 1594 patriae
1439 1548 1558 1578 suae
1604 1533 1806 1579 donavit

339 1600 594 1645 abundans
652 1601 841 1661 opibus.
911 1599 1029 1645 fecit
1087 1607 1139 1645 et
1195 1599 1407 1662 grandes
1465 1602 1699 1661 picturas,
1756 1603 1805 1645 in

338 1668 515 1728 quibus
537 1674 651 1711 sunt
674 1666 886 1729 Calypso
910 1673 960 1712 et
986 1667 1038 1712 Io
1061 1673 1113 1712 et
1134 1666 1482 1720 Andromeda;
1521 1666 1806 1712 Alexander

338 1749 534 1795 quoque
565 1737 614 1778 in
645 1732 849 1794 Pompei
879 1734 1149 1794 porticibus
1178 1732 1482 1794 praecellens
1513 1739 1565 1779 et
1593 1732 1805 1796 Calypso

336 1801 511 1845 sedens
549 1799 660 1845 huie
699 1801 858 1845 eidem
882 1800 901 1828 ⁶
938 1800 1296 1846 adscribuntur.

404 1917 415 1939 ¹
446 1917 601 1966 Cydias
636 1916 867 1967 Deilefsen:
911 1922 954 1955 et
991 1916 1145 1967 Cydias
1183 1916 1392 1967 Cythnius
1431 1916 1606 1963 Urlichs,
1645 1916 1802 1967 Ber-qk:

347 1970 442 2020 cycli
470 1973 557 2019 (aab
587 1970 685 2018 cidi)
714 1975 757 2009 et
785 1970 930 2021 cydias
958 1974 1044 2019 (aut
1073 1970 1235 2018 cidias).

402 2024 416 2046 2
456 2024 545 2062 llll.
569 2024 762 2062 severior.
1036 2024 1051 2046 3
1081 2024 1239 2074 figurae
1259 2024 1363 2062 coni.
1387 2022 1588 2074 Mayhoff.

403 2078 418 2100 ‘¹
447 2080 574 2127 operfi
599 2080 661 2125 (z
685 2079 879 2128 operum)
901 2076 1116 2127 Mayhoff:
1148 2090 1286 2127 opera.

406 2130 420 2152 ⁵
448 2132 586 2169 danae
607 2128 640 2177 ll
664 2130 723 2169 cd.
745 2130 858 2169 Laid.
889 2130 921 2169 V
924 2142 1000 2169 oss.
1025 2144 1032 2168 :
1064 2131 1145 2170 vll.
1169 2130 1349 2175 danaen,
1372 2129 1524 2175 danen,
1546 2129 1686 2169 diana.

401 2185 416 2207 ⁶
447 2184 582 2222 eidem
603 2184 740 2234 Silla),
762 2184 951 2223 Schultz:
992 2184 1162 2234 quidem
1184 2184 1269 2223 edd.
1294 2189 1409 2222 vett.:
1446 2183 1589 2222 fidem.

395 2318 412 2336 ⁰
441 2312 492 2350 In
513 2312 586 2351 the
605 2312 744 2351 forum
766 2318 812 2350 at
833 2312 991 2357 Rome;
1030 2312 1139 2350 built
1159 2312 1215 2362 by
1236 2311 1439 2357 Tiberius,
1461 2323 1550 2350 A.D.
1576 2313 1636 2350 14.

398 2366 412 2388 b
442 2366 451 2381 ‘
472 2366 594 2404 Place
615 2366 663 2404 of
679 2366 892 2416 prophecy
913 2366 961 2403 of
976 2365 1048 2404 the
1069 2365 1206 2410 dead,'
1229 2365 1406 2414 Odyssey
1428 2365 1506 2403 Bk.
1530 2364 1609 2403 XI.

396 2425 409 2443 ⁶
437 2420 609 2458 Attalus
640 2419 659 2456 I
693 2420 740 2457 of
768 2419 1033 2469 Pergamum,
1064 2420 1248 2457 241-197
1281 2430 1360 2457 B.C.
1421 2418 1506 2456 But
1539 2417 1738 2457 Plutarch
1768 2418 1800 2456 is

333 2473 536 2523 probably
561 2472 672 2523 right
696 2473 737 2510 in
759 2473 901 2522 giving
925 2472 996 2510 the
1020 2472 1155 2523 king’s
1179 2484 1303 2510 name
1325 2485 1371 2510 as
1396 2471 1594 2522 Ptolemy
1618 2472 1637 2509 I
1665 2471 1799 2517 Soter,

329 2526 438 2564 rulcr
458 2526 505 2564 of
522 2526 665 2577 Egypt
684 2526 871 2565 323-234
895 2537 973 2564 B.C.

333 2603 422 2662 356
