1873 3020
505 212 739 258 PLINY:
794 213 1120 259 NATURAL
1164 213 1456 260 HISTORY

248 343 522 387 Romanum
548 341 779 386 habuisse
804 357 977 386 aureos
1002 341 1324 386 manifestum
1351 349 1444 395 est,
1467 340 1709 403 siquidem

245 420 299 460 iis
326 423 542 468 tantum,
571 418 651 477 qui
681 414 833 476 legati
863 414 926 459 ad
955 421 1153 459 exteras
1180 422 1358 476 gentes
1385 417 1501 460 ituri
1528 421 1712 468 essent,

245 489 374 534 anuli
396 488 592 551 publice
611 488 878 541 dabantur,
898 488 1062 542 credo,
1083 491 1314 549 quoniam
1336 492 1405 533 ita
1428 495 1710 534 exterorum

245 562 606 607 honoratissimi
621 561 1060 622 intellegebantur.
1108 577 1271 623 neque
1288 561 1392 606 aliis
1410 564 1481 606 uti
1498 577 1602 607 mos
1617 559 1713 606 fuit

246 652 393 697 quam
411 638 494 697 qui
512 651 573 680 ex
591 651 649 680 ea
666 651 813 680 causa
830 634 1026 696 publice
1042 638 1367 696 accepissent,
1383 634 1627 696 volgoque
1645 636 1712 679 sic

245 708 621 770 triumphabant
657 715 726 762 et,
759 725 871 753 cum
905 724 1085 753 corona
1120 724 1181 753 ex
1216 724 1335 753 auro
1368 707 1579 753 Etrusca
1611 723 1712 752 sus-

245 786 490 827 tineretur
512 798 539 826 a
562 788 723 843 tergo,
747 781 920 826 anulus
944 788 1116 826 tamen
1140 784 1189 826 in
1213 781 1370 843 digito
1392 780 1581 826 ferreus
1605 787 1714 826 erat

245 872 404 917 aeque
438 854 791 916 triumphantis
828 861 880 900 et
913 857 1037 899 servi
1075 871 1194 916 prae
1215 854 1232 882 1
1265 871 1317 900 se
1349 870 1579 900 coronam
1611 870 1714 899 sus-

246 932 466 974 tinentis.
533 932 601 974 sic
646 927 972 989 triumphavit
1018 928 1081 973 de
1130 927 1373 989 Iugurtha
1419 927 1472 973 C.
1523 927 1712 972 Marius

246 1018 555 1064 aureumque
586 1019 685 1047 non
716 1009 834 1047 ante
866 1004 1073 1046 tertium
1105 1001 1416 1046 consulatum
1447 1003 1712 1062 sumpsisse

246 1075 474 1121 traditur.
542 1078 574 1120 ii
609 1091 825 1137 quoque,
861 1078 943 1136 qui
979 1075 1042 1120 ob
1077 1074 1381 1137 legationem
1416 1080 1713 1135 acceperant

246 1165 437 1203 aureos,
463 1152 512 1194 in
538 1149 735 1210 publico
760 1155 960 1194 tantum
987 1148 1261 1193 utebantur
1286 1151 1360 1203 iis,
1385 1151 1515 1193 intra
1541 1147 1712 1193 domos

248 1238 361 1267 vero
406 1221 595 1277 ferreis,
642 1239 740 1284 quo
786 1229 1083 1284 argumento
1130 1225 1283 1267 etiam
1330 1238 1459 1267 nunc
1503 1235 1713 1282 sponsae

248 1298 461 1341 muneris
514 1299 618 1341 vice
669 1294 859 1341 ferreus
912 1295 1085 1340 anulus
1137 1298 1372 1349 mittitur,
1417 1298 1558 1356 isque
1607 1296 1713 1339 sine

246 1385 462 1430 gemma.
531 1368 765 1431 equidem
788 1385 879 1414 nec
903 1368 1063 1413 Iliacis
1087 1368 1394 1429 temporibus
1418 1368 1540 1413 ullos
1562 1366 1713 1413 fuisse

247 1442 416 1488 anulos
455 1442 613 1488 video.
682 1458 927 1504 nusquam
966 1449 1103 1487 certe
1143 1441 1389 1487 Homerus
1427 1441 1564 1495 dicit,
1600 1457 1712 1486 cum

248 1522 300 1561 et
327 1515 572 1561 codicillos
601 1518 873 1561 missitatos
904 1515 1227 1576 epistularum
1257 1518 1418 1577 gratia
1448 1514 1634 1560 indicet
1661 1519 1714 1559 et

246 1589 470 1634 conditas
505 1592 627 1635 arcis
662 1595 825 1634 vestes
860 1605 916 1634 ac
951 1605 1065 1633 vasa
1101 1605 1251 1634 aurea
1285 1594 1627 1650 argenteaque
1661 1593 1714 1632 et

248 1678 331 1707 eas
354 1662 612 1724 colligatas
633 1662 651 1690 2
675 1662 808 1716 nodi,
832 1679 929 1708 non
954 1661 1104 1715 anuli,
1129 1669 1263 1707 nota.
1330 1664 1491 1707 sortiri
1515 1676 1712 1723 quoque

247 1743 419 1781 contra
439 1739 814 1797 provocationes
836 1735 985 1781 duces
1008 1752 1105 1781 non
1127 1735 1283 1780 anulis
1304 1735 1476 1789 tradit,
1496 1733 1712 1779 fabricae

249 1812 400 1853 etiam
441 1809 590 1854 deum
633 1809 807 1854 fibulas
850 1815 902 1854 et
941 1809 1037 1854 alia
1077 1808 1329 1854 muliebris
1369 1808 1548 1862 cultus,
1586 1810 1714 1852 sicut

287 1909 328 1999 Is}
358 1923 457 2002 Ρτῖιίθ
482 1923 525 1949 se
552 1909 747 1960 Mayhoff
771 1910 858 1960 (qni
883 1915 918 1949 et
950 1909 1060 1948 forte
1090 1910 1237 1959 coni.):
1276 1909 1455 1948 fortasse
1487 1906 1598 1948 cdd.:
1636 1907 1711 1947 del.

256 1976 288 2000 e(
332 1993 340 2001 .
365 1977 404 2001 ve
446 1994 454 2001 .

311 2016 326 2039 ²
356 2017 624 2068 consignatas
645 2016 749 2055 coni.
774 2016 824 2054 M
826 2016 975 2066 ayhoff.

303 2162 319 2180 ⁰
349 2157 422 2195 I.e.
465 2157 521 2208 by
559 2157 632 2196 the
674 2157 815 2196 future
856 2157 1143 2208 bridegroom3
1195 2157 1229 2196 it
1267 2170 1352 2196 was
1390 2156 1521 2196 called
1561 2156 1713 2195 anulus

251 2211 471 2260 pronubus.

308 2264 322 2286 δ
352 2264 403 2301 Il.
431 2263 505 2302 VI.
535 2265 676 2302 168-9.

308 2323 321 2340 ⁰
350 2315 423 2355 Od.
449 2316 569 2355 VIII.
591 2318 683 2362 424,
706 2319 878 2360 438-41,
899 2318 990 2362 443,
1014 2319 1105 2355 447.

309 2370 326 2393 ‘¹
355 2370 406 2408 Il.
430 2369 526 2408 VII.
551 2373 639 2414 171,
661 2372 757 2415 175;
794 2370 932 2421 κλῆροι
953 2370 963 2386 ⁴
978 2370 1088 2415 lots‚'
1108 2383 1210 2409 were
1231 2369 1429 2408 moulded
1449 2374 1524 2407 out
1543 2369 1590 2407 of
1604 2369 1711 2419 clay,

253 2424 329 2461 but
345 2424 378 2461 it
396 2424 429 2461 is
446 2428 522 2462 not
542 2424 633 2462 said
654 2423 750 2462 that
771 2423 871 2474 they
890 2437 994 2462 were
1012 2424 1185 2462 marked
1203 2423 1304 2462 with
1324 2423 1396 2462 the
1413 2422 1555 2462 chiefs’
1576 2422 1712 2473 signet

253 2489 374 2527 nugs,

307 2536 318 2552 ⁶
349 2529 631 2580 Hephaestus.
691 2530 766 2568 Sec
792 2529 845 2568 Il.
874 2529 1041 2569 XVIII.
1066 2532 1144 2569 400
1162 2529 1205 2568 ff.

263 2622 312 2650 10
