1873 3020
180 738 250 777 128

188 1272 256 1310 129

543 200 749 249 PLINY
767 220 777 249 ε
831 202 875 249 N
879 203 1158 250 ATURAL
1204 199 1498 251 HISTORY

289 339 509 386 maneat,
525 331 779 393 probatur.
846 335 1071 393 proxima
1087 332 1284 377 bonitas
1302 332 1428 387 rufo,
1446 332 1581 378 nulla
1596 335 1751 395 nigro.

288 399 376 444 sed
412 402 756 460 experimento
792 415 989 460 quoque
1025 398 1159 444 fraus
1194 402 1480 446 intervenit.
1546 402 1753 446 servatis

289 469 338 510 in
363 469 501 510 urina
523 469 736 511 virorum
756 465 934 510 vatillis
960 465 1174 511 inficitur
1198 469 1271 512 ita
1289 473 1574 512 ramentum
1593 466 1755 512 obiter

288 533 406 578 dum
463 536 621 577 uritur
676 532 1042 594 candoremque
1097 536 1355 579 mentitur.
1423 539 1501 579 est
1554 532 1754 595 aliquod

290 602 689 660 experimentum
725 597 865 660 politi
904 606 955 644 et
991 602 1040 644 in
1075 597 1235 645 halitu
1270 598 1498 655 hominis,
1533 602 1573 645 si
1606 599 1755 645 sudet

287 669 510 727 protinus
540 665 826 727 nubemque
855 665 1106 711 discutiat.

345 732 495 777 XLV.
536 732 751 777 Lamnas
788 732 938 787 duci,1
971 732 1223 793 speciem2
1255 732 1395 779 fieri³
1430 749 1529 778 non
1564 735 1655 778 nisi
1692 748 1754 778 ex

289 802 477 860 optimo
501 815 645 860 posse
670 798 955 844 creditum.4
1019 798 1184 844 fuerat
1210 799 1259 844 id
1291 803 1560 862 integrum,
1585 799 1673 845 sed
1704 799 1755 844 id

289 882 487 928 quoque
509 869 609 911 iam
633 865 809 911 fraude
833 870 1177 927 corrumpitur.

354 933 443 978 Est
464 932 483 961 5
511 940 691 978 natura
720 936 844 977 mira
872 935 1114 995 imagines
1142 932 1401 987 reddendi,
1431 932 1563 994 quod
1590 948 1755 993 reper-

288 1015 429 1044 cusso
471 1006 585 1046 aere
628 1006 781 1061 atque
823 1002 873 1044 in
915 1000 1078 1045 oculos
1120 1006 1320 1061 regesto
1362 999 1467 1045 fieri
1506 1002 1753 1045 convenit.

288 1066 466 1111 eadem
491 1069 536 1111 vi
561 1069 628 1112 sic
652 1066 671 1095 ⁶
694 1069 745 1111 in
769 1066 955 1127 speculi
983 1082 1074 1111 usu
1106 1066 1261 1127 polita
1285 1066 1611 1112 crassitudine
1634 1082 1755 1127 pau-

289 1133 491 1194 lumque
528 1132 760 1194 propulsa
797 1133 1038 1178 dilatatur
1069 1136 1119 1178 in
1151 1136 1430 1178 inmensum
1462 1132 1755 1195 magnitudo

289 1203 577 1261 imaginum.
644 1206 845 1245 tantum
875 1203 1103 1254 interest,
1131 1215 1474 1261 repercussum
1503 1200 1641 1245 illum
1673 1215 1756 1245 ex-

289 1269 441 1327 cipiat
469 1283 532 1311 an
561 1273 779 1327 respuat.
848 1269 967 1328 quin
996 1270 1149 1312 etiam
1177 1266 1353 1328 pocula
1380 1269 1452 1312 ita
1480 1266 1756 1328 figurantur

289 1331 531 1393 expulsis7
548 1336 680 1378 intus
698 1333 879 1378 crebris
896 1349 986 1378 ceu
1002 1333 1231 1394 speculis,
1246 1340 1303 1379 ut
1318 1333 1396 1379 vel
1412 1350 1509 1379 uno
1525 1336 1755 1379 intuente

289 1399 502 1445 totidem
551 1400 761 1461 populus
811 1403 1084 1462 imaginum
1134 1400 1237 1446 fiat.
1305 1403 1655 1463 excogitantur
1704 1406 1756 1445 et

289 1467 607 1520 monstrifica,
631 1473 688 1512 ut
711 1470 761 1512 in
784 1467 974 1528 templo
998 1467 1242 1529 Zymrnae
1265 1466 1448 1513 dicata.
1514 1467 1565 1513 id
1589 1470 1756 1513 evenit

290 1533 447 1595 figura
487 1537 745 1579 materiae.
812 1533 1078 1595 plurimum
1118 1533 1274 1579 refert
1312 1550 1526 1579 concava
1564 1537 1664 1579 sint
1704 1540 1756 1579 et

289 1600 449 1661 poculi
476 1600 623 1646 modo
649 1617 712 1645 an
738 1617 943 1661 parmae
968 1600 1306 1655 Threcidicae,
1331 1600 1497 1646 media
1521 1600 1756 1662 depressa

289 1683 352 1712 an
389 1667 541 1722 elata,
576 1674 858 1713 transversa
893 1684 956 1712 an
993 1667 1210 1729 obliqua,
1245 1670 1422 1729 supina
1457 1684 1520 1712 an
1555 1666 1756 1721 infesta,

347 1816 358 1838 ¹
389 1816 488 1854 duci
507 1821 552 1855 et
571 1816 630 1855 cd.
652 1815 750 1854 Par.
771 1815 860 1854 Lat.
884 1818 984 1856 6801
1005 1830 1012 1854 :
1045 1817 1143 1855 duci
1165 1815 1272 1854 rell.:
1304 1816 1403 1855 duci
1423 1817 1466 1855 in
1488 1815 1689 1867 Mayhoff.

343 1870 357 1892 2
388 1870 570 1919 speciem
592 1870 655 1909 B:
696 1870 867 1920 specula
889 1871 971 1909 rell.

341 1923 355 1945 ³
387 1923 473 1961 fieri
494 1921 605 1960 cdd:
638 1923 737 1962 vitri
761 1923 962 1974 Mayhoff.

342 1976 356 1998 ⁴
387 1976 595 2015 credimus
616 1977 665 2015 B.

346 2029 360 2051 ⁵
390 2035 454 2068 est
477 2029 692 2081 Mayhoff:
734 2029 819 2068 sed.

346 2082 360 2104 ⁶
392 2084 431 2121 vi
461 2084 518 2122 sic
550 2083 766 2134 Mayhoff:
814 2083 876 2121 vis
912 2083 1062 2134 Silliq:
1110 2083 1188 2122 visi
1219 2082 1282 2123 B:
1331 2083 1373 2122 vi
1403 2082 1462 2122 cd.
1494 2082 1591 2121 Par.
1624 2083 1751 2122 6801:

292 2136 369 2173 nisi
396 2137 478 2175 rell.

344 2190 358 2213 ⁷
397 2190 471 2229 VJ.
494 2190 738 2241 exsculptis.

341 2384 359 2402 ⁰
390 2379 523 2417 When
543 2379 577 2418 it
593 2379 631 2417 is
652 2392 848 2418 concave.

342 2433 358 2457 ⁰
390 2433 522 2471 When
544 2433 578 2471 it
600 2433 633 2470 is
655 2445 817 2471 convex
839 2446 885 2471 or
906 2432 1043 2484 plane.

343 2492 356 2510 ⁶
386 2486 460 2525 I.e.
488 2486 560 2524 the
587 2487 725 2536 major
749 2487 840 2525 axis
866 2486 914 2525 of
934 2500 989 2524 an
1014 2485 1112 2524 oval
1139 2486 1301 2530 mirror,
1329 2498 1375 2523 or
1401 2484 1449 2524 of
1469 2497 1494 2523 a
1520 2497 1683 2524 convex
1709 2497 1755 2523 or

288 2552 471 2578 concave
492 2539 590 2578 oval
612 2545 753 2578 centro
775 2540 823 2579 of
838 2553 863 2578 a.
883 2540 1039 2591 special
1059 2539 1162 2578 kind
1183 2539 1230 2578 of
1247 2540 1408 2578 mirror.

294 2626 351 2685 96
