1899 3015
244 1014 296 1052 30

586 212 828 259 PLINY:
886 212 1212 258 NATURAL
1255 212 1547 259 HISTORY

330 340 492 402 quae1
537 339 942 385 monochromata
985 340 1047 384 a²
1085 339 1311 401 genere³
1356 343 1578 401 picturae
1623 355 1795 385 vocan-

329 407 450 452 tux-‚⁴²
519 409 600 468 qui
656 406 836 452 deinde
892 413 944 451 et
998 422 1125 467 quae
1181 408 1458 452 invenerint
1513 413 1565 451 et
1619 407 1795 467 quibus

329 475 651 535 temporibus,
678 473 897 518 dicemus
923 476 972 517 in
998 475 1251 518 mentione
1278 473 1539 526 artificum,
1565 475 1795 534 quoniam

329 541 544 586 indicare
576 547 777 585 naturas
808 539 1023 585 colorum
1055 542 1184 600 prior
1213 555 1361 585 causa
1390 541 1550 600 operis
1580 542 1795 585 instituti

330 614 420 652 est.
490 607 695 652 tandem
728 622 780 651 se
815 623 890 651 ars
925 609 1029 667 ipsa
1063 606 1291 651 distinxit
1323 612 1375 651 et
1408 608 1596 651 invenit
1628 605 1795 651 lumen

330 681 482 735 atque
519 674 733 727 umbras,
767 672 1047 718 differentia
1079 672 1296 718 colorum
1329 672 1521 718 alterna
1553 675 1656 717 vice
1689 688 1796 718 sese

331 743 598 786 excitante.
670 746 843 800 postea
899 739 1080 785 deinde
1138 739 1360 785 adiectus
1418 745 1494 784 est
1550 738 1796 800 splendor,

329 807 450 852 alius
485 806 562 851 hic
596 823 744 867 quam
780 806 961 851 lumen.
1031 806 1163 867 quod
1197 808 1326 851 inter
1358 804 1481 851 haec
1515 811 1567 851 et
1600 806 1797 851 umbras

331 880 479 926 esset,
512 872 826 934 appellarunt
857 879 1028 927 tonon,
1060 875 1402 918 commissuras
1434 887 1550 918 vero
1581 871 1796 918 colorum

330 947 382 986 et
417 942 653 985 transitus
689 939 975 1001 harmogen.

392 1007 508 1052 XII.
545 1006 672 1052 Sunt
737 1013 907 1052 autem
972 1004 1157 1051 colores
1223 1007 1407 1051 austeri
1472 1011 1560 1050 aut
1624 1004 1795 1051 floridi.

329 1080 597 1135 utrumque
638 1080 816 1118 natura
855 1079 943 1118 aut
981 1075 1199 1118 mixtura
1238 1075 1419 1117 evenit.
1487 1071 1642 1117 floridi
1683 1079 1798 1117 sunt

329 1156 514 1202 —quos
561 1140 788 1186 dominus
835 1139 1102 1202 pingenti5
1148 1141 1660 1200 praestat—minium,
1707 1139 1796 1184 Ar-

328 1210 565 1260 menium,
631 1207 925 1260 cinnabaris,
991 1205 1308 1269 chrysocolla,
1376 1205 1618 1258 Indicum,
1685 1221 1794 1266 pur-

328 1276 601 1335 purissun1;
655 1276 808 1318 ceteri
846 1275 1045 1318 austeri.
1115 1288 1175 1318 ex
1213 1273 1439 1318 omnibus
1476 1271 1553 1316 alii
1593 1288 1796 1316 nascun-

328 1347 427 1394 tur,
472 1340 549 1385 alii
597 1339 737 1385 fiunt.
807 1346 1076 1385 nascuntur
1118 1338 1326 1400 Sinopis,
1369 1339 1578 1392 rubrica,
1623 1336 1796 1383 Parae-

330 1410 541 1461 tonium,
585 1406 848 1461 Melinum,
889 1406 1100 1460 Eretria,
1141 1408 1589 1467 auripigmentum3
1646 1408 1795 1450 ceteri

331 1474 605 1536 finguntur,
658 1476 972 1535 primumque
1026 1489 1147 1534 quos
1200 1475 1250 1518 in
1302 1472 1514 1518 metallis
1569 1471 1797 1525 diximus,

329 1548 593 1602 praeterea
619 1556 645 1585 e
673 1540 920 1586 vilioribus
946 1538 1110 1594 ochra,
1136 1555 1334 1585 cerussa
1359 1545 1487 1593 usta,
1513 1538 1797 1591 sandaraca,

329 1607 539 1670 sandyx,
573 1606 814 1670 Syricum.
848 1613 1200 1652 atramentum.

398 1714 408 1736 ¹
441 1726 548 1763 quae
570 1713 691 1763 Sillfiq
710 1729 718 1751 :
760 1713 831 1763 qui
853 1712 939 1752 cdd.
961 1729 968 1751 ε
1008 1712 1082 1752 del.
1106 1712 1246 1751 Littre.

389 1768 404 1790 2
436 1767 786 1805 monochromata
802 1780 827 1805 a
845 1766 1060 1816 Mayhoff:
1097 1778 1153 1804 m.
1169 1779 1219 1804 ea
1237 1765 1363 1804 Littre
1380 1781 1388 1803 ε
1425 1765 1798 1803 monochromatea

336 1820 394 1859 cd.
421 1822 517 1859 Par.
545 1822 644 1859 6801
673 1826 716 1859 ut
742 1820 922 1859 videtur:
963 1833 1062 1857 mox
1086 1823 1404 1870 negrammatae
1427 1832 1453 1857 a
1477 1818 1538 1857 B:
1578 1831 1676 1856 mox
1703 1831 1796 1856 neo·

334 1879 597 1925 grammatea
622 1874 704 1912 rell.

390 1928 406 1951 ³
433 1941 583 1978 genere
604 1926 798 1977 Mayhosf
811 1942 819 1965 :
856 1939 1021 1977 genera.

392 1982 408 2005 ⁴²
438 1985 646 2019 vocantur
664 1981 700 2019 B
719 1996 727 2020 :
765 1984 1026 2018 vocaverunt
1044 1980 1124 2018 rell.

395 2034 409 2056 ⁵
438 2035 629 2085 pingenti
653 2034 712 2073 ecl.
740 2034 900 2073 Basil.:
943 2033 1130 2083 fingenti.

384 2140 401 2157 ‘¹
431 2134 569 2185 Study
591 2134 639 2173 of
662 2135 832 2173 ancient
852 2138 919 2172 art
939 2134 1039 2172 does
1070 2140 1137 2172 not
1158 2133 1275 2172 show
1295 2133 1392 2172 that
1415 2133 1611 2183 painting
1631 2133 1795 2171 started

333 2188 436 2226 with
456 2188 529 2226 the
550 2201 624 2227 use
645 2188 690 2226 of
708 2187 843 2238 single
864 2187 1041 2225 colours.

388 2242 402 2266 ¹²
432 2242 519 2280 The
542 2242 676 2281 Greek
700 2247 806 2280 term
831 2240 988 2292 ἁρμογή
1014 2254 1156 2278 means
1178 2240 1444 2290 adjustment
1465 2239 1513 2278 of
1530 2244 1659 2290 parts.

386 2301 400 2319 ⁶
431 2296 632 2334 Miniwm.
691 2295 766 2334 Sec
790 2295 810 2345 ξ
832 2298 882 2334 33
905 2295 1038 2343 (note)
1063 2294 1146 2332 and
1174 2293 1389 2339 XXXIII,
1418 2294 1613 2332 111-123.

390 2349 406 2372 ‘¹
437 2350 471 2386 A
499 2349 584 2387 rich
616 2348 711 2386 blue
738 2348 882 2387 colour
909 2348 1033 2397 (from
1064 2348 1294 2395 Armenia),
1323 2347 1394 2385 the
1422 2346 1596 2385 modern
1623 2346 1796 2385 azurite.

329 2403 404 2441 See
425 2402 513 2440 also
576 2404 641 2440 47.

383 2462 396 2479 ⁶
424 2402 674 2494 Cinngbaris
694 2455 791 2493 here
812 2455 855 2492 in
878 2454 1012 2504 Pliny.
1074 2454 1148 2492 See
1171 2453 1388 2498 XXXIII,
1414 2452 1606 2490 115-116.

382 2508 400 2538 s
426 2509 512 2548 Our
531 2509 539 2524 ‘
561 2508 815 2547 malachite.’

384 2567 400 2589 ⁹
428 2562 563 2600 Earth
588 2562 754 2601 stained
779 2561 881 2600 with
907 2561 1063 2612 Tyrian
1090 2560 1249 2612 purple.

340 2629 420 2672 282
