1873 3020
584 201 790 249 PLINY
809 221 819 250 :
873 204 1199 251 NATURAL
1246 202 1538 251 HISTORY

221 317 294 354 124
326 311 649 373 compluere.l
715 312 848 374 quod
896 329 1009 358 cum
1059 328 1307 358 venenum
1358 329 1464 359 esse
1514 316 1794 368 conveniat,

327 392 509 443 omnia,
544 405 672 450 quae
707 389 770 434 de
805 392 956 434 minio
990 391 1040 434 in
1074 389 1352 435 medicinae
1387 406 1478 435 usu
1511 389 1795 444 traduntur,

327 469 593 510 temeraria
657 465 886 520 arbitror,
950 473 1304 528 praeterquam
1369 465 1590 512 fortassis
1654 465 1795 511 inlito

326 545 477 603 capiti
502 545 725 587 ventrive
748 545 1043 605 sanguinem
1066 545 1190 597 sisti,
1212 543 1332 589 dum
1356 559 1418 588 ne
1442 559 1539 605 qua
1561 549 1796 604 penetret

326 621 375 663 in
412 622 597 664 viscera
634 635 690 664 ac
727 619 897 665 volnus
933 622 1170 682 attingat.
1238 619 1384 665 aliter
1418 620 1662 666 utendum
1696 636 1794 665 non

328 695 561 757 equidem
587 712 835 742 censeam.

220 777 295 816 125
390 772 551 818 XLII.
591 772 915 836 Hydrargyro
934 780 1199 836 argentum
1217 776 1474 819 inauratur
1490 773 1648 820 solum
1666 789 1795 819 nunc

326 865 497 910 prope,
535 866 647 895 cum
688 857 740 895 et
778 853 827 895 in
870 866 1019 896 aerea
1062 850 1207 896 simili
1251 850 1398 896 modo
1441 850 1553 896 duci
1591 850 1792 896 debeat.

326 926 414 971 sed
444 926 623 972 eadem
652 925 805 982 fraus,
835 943 964 989 quae
993 930 1043 972 in
1072 930 1204 973 omni
1234 934 1380 989 parte
1410 931 1544 973 vitae
1573 930 1795 990 ingenio-

325 1006 515 1048 sissima
543 1010 636 1058 est,
663 1003 883 1049 viliorem
912 1007 1217 1067 excogitavit
1242 1008 1523 1059 materiam,
1549 1011 1606 1050 ut
1630 1004 1795 1050 docui-

324 1097 448 1126 mus.

219 1162 293 1202 126
390 1157 579 1204 XLIII.
618 1158 739 1203 Auri
798 1162 1096 1221 argentique
1159 1162 1467 1205 mentionem
1529 1162 1795 1205 comitatur

325 1233 467 1296 lapis,
488 1251 638 1297 quem
657 1235 922 1281 coticulam
940 1236 1215 1298 appellant,
1236 1236 1487 1298 quondam
1508 1253 1605 1282 non
1623 1235 1794 1282 solitus

327 1314 531 1357 inveniri
566 1315 657 1357 nisi
691 1316 739 1357 in
775 1312 977 1358 flumine
1010 1312 1200 1368 Tmolo,
1234 1320 1291 1359 ut
1323 1319 1496 1359 auctor
1529 1320 1606 1359 est
1637 1312 1795 1358 Theo-

324 1387 574 1449 phrastus,
624 1406 753 1435 nunc
803 1406 918 1435 vero
965 1393 1164 1452 passim.
1233 1390 1313 1435 alii
1363 1390 1666 1445 Heraclium,
1710 1389 1790 1435 alii

328 1464 544 1527 Lydium
592 1473 786 1512 vocant.
854 1474 972 1513 sunt
1018 1474 1189 1513 autem
1283 1467 1479 1522 modici,
1527 1473 1793 1530 quaternas

325 1546 496 1588 uncias
552 1542 874 1606 longitudinis
928 1544 1172 1606 binasque
1226 1543 1504 1590 latitudinis
1559 1561 1656 1590 non
1711 1560 1794 1589 ex-

323 1619 576 1666 cedentes.
646 1621 778 1683 quod
803 1637 832 1666 a
857 1620 959 1666 sole
984 1620 1081 1666 fuit
1107 1624 1156 1666 in
1182 1624 1258 1677 iis,
1283 1621 1459 1666 melius
1486 1638 1636 1684 quam
1662 1620 1794 1683 quod

324 1712 353 1740 a
395 1703 544 1743 terra.
611 1696 685 1743 his
727 1698 948 1744 coticulis
992 1701 1136 1759 periti
1183 1715 1295 1744 cum
1340 1714 1366 1744 e
1410 1714 1537 1743 vena
1580 1705 1636 1744 ut
1679 1697 1792 1743 lima

322 1781 598 1834 rapuerunt
630 1778 976 1836 experimento
1008 1774 1333 1830 ramentum,2
1366 1778 1590 1836 protinus
1622 1775 1794 1821 dicunt

323 1858 568 1912 quantum
601 1855 707 1897 auri
741 1855 805 1897 sit
837 1855 887 1897 in
923 1868 999 1907 ea,
1033 1859 1277 1914 quantum
1311 1855 1506 1914 argenti
1541 1851 1617 1897 vel
1650 1855 1793 1906 aeris,

323 1928 575 1989 scripulari
602 1927 901 1984 differentia,
927 1929 1137 1974 mirabili
1164 1933 1357 1975 ratione
1383 1946 1482 1975 non
1506 1928 1728 1974 fallente.

219 2009 289 2047 127
386 2004 564 2051 XLIV.
603 2006 817 2068 Argenti
850 2006 980 2052 duae
1017 2004 1344 2051 differentiae.
1414 2005 1592 2051 vatillis
1621 2004 1792 2051 ferreis

321 2081 651 2128 candentibus
686 2090 915 2129 ramento
949 2086 1180 2144 inposito,
1216 2082 1349 2145 quod
1383 2082 1649 2129 candidum
1683 2099 1792 2144 per-

398 2210 411 2233 1
442 2211 684 2262 compluere
709 2211 772 2250 B:
816 2211 1026 2250 confluere
1051 2212 1134 2250 rell.

393 2264 408 2286 ²
438 2265 731 2316 experimento
749 2269 992 2303 ramentum
1010 2265 1057 2304 L.
1078 2265 1124 2303 O.
1145 2265 1299 2304 Purser
1317 2281 1325 2304 :
1363 2265 1719 2316 experimentum.

373 2418 391 2436 ‘²
420 2413 534 2451 Both
560 2413 683 2452 kinds
706 2413 754 2451 of
773 2414 1083 2452 minium—the
1109 2413 1305 2464 sulphide
1328 2413 1377 2451 of
1395 2425 1589 2465 mercury
1611 2412 1697 2452 and
1718 2412 1790 2452 the

318 2467 410 2505 lead
433 2467 788 2505 carbonate—are
810 2468 1055 2519 poisonous.

376 2521 391 2544 ὸ
421 2521 480 2559 De
502 2522 606 2570 Lap.
628 2523 694 2567 47,
715 2522 781 2559 46.

325 2613 381 2656 94
