1899 3015
221 804 273 842 50

221 1536 269 1574 51

564 201 798 248 PLINY:
854 203 1180 249 NATURAL
1228 204 1519 251 HISTORY

307 333 539 391 picturas,
579 346 707 392 quae
747 333 1026 384 inuruntur,
1066 330 1226 376 alieno
1266 333 1536 392 parietibus
1575 349 1777 395 genere,

306 396 392 442 sed
419 396 652 442 classibus
681 396 923 450 familiari,
950 400 1047 442 iam
1074 413 1189 443 vero
1216 405 1267 443 et
1294 402 1526 444 onerariis
1554 401 1777 454 navibus,

306 466 538 525 quoniam
577 470 628 509 et
665 463 922 508 vehiculal
956 466 1286 526 expingimus‚
1324 481 1385 510 ne
1423 468 1531 526 quis
1569 469 1778 512 miretur

306 537 358 575 et
388 547 530 592 rogos
562 533 715 592 pingi,
747 533 984 592 iuvatque
1015 538 1322 592 pugnaturos
1355 531 1417 577 ad
1447 539 1660 578 mortem
1691 540 1779 579 aut

305 603 441 642 certe
487 597 692 642 caedem
737 600 957 658 speciose
1002 596 1128 642 vehi.
1199 597 1311 655 Qua
1355 599 1777 660 contemplatione

305 669 382 708 tot
441 663 658 709 colorum
719 670 862 709 tanta
927 666 1171 709 varietate
1231 665 1365 710 subit
1424 668 1777 728 antiquitatem

304 745 482 775 mlrarl.

367 796 580 842 XXXII.
619 795 871 854 Quattuor
906 796 1148 842 coloribus
1195 796 1307 842 solis
1354 798 1653 843 immortalia
1699 798 1779 844 illa

305 879 455 924 opera
490 862 783 908 fecere—ex
819 863 940 908 albis
979 862 1185 917 Melino,
1222 879 1248 908 e
1283 863 1458 909 silaciis
1494 865 1681 919 Attico,
1717 881 1777 911 ex

304 930 462 975 rubris
522 929 756 991 Sinopide
817 928 1039 983 Pontica,
1101 946 1162 975 ex
1223 933 1372 992 nigris
1433 937 1777 977 atramento—

306 996 525 1057 Apelles,
574 996 797 1051 Aetion,2
849 995 1175 1050 Melanthius,
1225 997 1569 1052 Nicomachus,
1617 997 1776 1044 claris-

305 1066 412 1108 simi
435 1065 665 1124 pictores,
687 1080 800 1108 cum
821 1063 1024 1109 tabulae
1047 1079 1217 1108 eorum
1240 1063 1463 1125 singulae
1485 1064 1777 1126 oppidorum

307 1132 532 1175 venirent
594 1131 784 1191 opibus.
853 1146 983 1175 nunc
1046 1137 1098 1175 et
1159 1133 1388 1192 purpuris
1450 1133 1498 1175 in
1562 1134 1778 1192 parietes

306 1197 634 1258 migrantibus
675 1203 728 1242 et
769 1196 911 1243 India
950 1195 1240 1242 conferente
1280 1196 1539 1242 fluminum
1579 1214 1777 1244 suorum

306 1263 494 1317 limum,
547 1263 817 1309 draconum
870 1263 1352 1325 elephantorumque
1403 1267 1592 1309 saniem
1645 1265 1779 1310 nulla

306 1330 479 1375 nobilis
511 1332 704 1391 pictura
735 1337 826 1376 est.
895 1333 1060 1376 omnia
1091 1346 1209 1392 ergo
1239 1330 1443 1376 meliora
1473 1337 1592 1376 tunc
1622 1330 1778 1386 fuere,

305 1413 418 1442 cum
451 1399 609 1442 minor
643 1400 797 1458 copia.
867 1399 938 1442 ita
973 1403 1066 1450 est,
1101 1400 1351 1458 quoniam,
1388 1404 1442 1442 ut
1475 1414 1624 1460 supra
1656 1398 1779 1444 dixi-

306 1480 431 1516 mus,
464 1479 646 1518 rerum,
679 1480 777 1509 non
811 1466 959 1509 animi
994 1467 1164 1525 pretiis
1199 1465 1489 1509 excubatur.

368 1530 609 1575 XXXIII.
647 1531 714 1576 Et
754 1537 953 1576 nostrae
993 1533 1174 1576 aetatis
1215 1533 1455 1576 insaniam
1495 1533 1545 1575 in
1584 1533 1779 1592 pictura

305 1613 402 1642 non
436 1600 681 1642 omittam.
751 1597 882 1643 Nero
916 1599 1143 1658 princeps
1177 1600 1387 1642 iusserat
1420 1596 1693 1643 colosseum
1725 1613 1778 1643 se

306 1666 441 1725 pingi
473 1679 560 1708 cxx
590 1664 776 1725 pedum
806 1664 978 1717 linteo,
1009 1666 1316 1726 incognitum
1348 1664 1410 1709 ad
1440 1663 1531 1709 hoc
1562 1670 1776 1726 tempus.

307 1746 365 1775 ea
411 1733 620 1791 pictura,
666 1748 777 1776 cum
823 1737 1027 1792 peracta
1073 1737 1203 1776 esset
1250 1734 1298 1775 in
1348 1729 1560 1775 Maianis
1607 1730 1778 1785 hortis,

306 1813 511 1842 accensa
554 1796 758 1843 fulmine
802 1814 914 1843 cum
955 1800 1145 1858 optima
1185 1796 1440 1842 hortorum
1482 1803 1624 1858 parte
1667 1814 1777 1843 con-

307 1864 547 1926 flagravit.
609 1864 814 1909 libertus
836 1867 957 1917 eius,
974 1881 1086 1909 cum
1102 1864 1245 1909 daret
1263 1865 1384 1909 Anti
1400 1880 1578 1909 munus
1593 1864 1779 1926 gladia-

306 1934 504 1984 torium,
522 1931 741 1992 publicas
759 1933 974 1992 porticus
992 1933 1250 1991 occupavit
1270 1933 1480 1992 pictura,
1497 1938 1552 1977 ut
1567 1939 1778 1985 constat,

379 2027 393 2050 1
426 2027 618 2065 vehicula
643 2027 747 2065 coni.
778 2026 971 2076 Mayhoff
985 2042 992 2064 :
1038 2026 1211 2065 fericula
1236 2025 1467 2076 Deilefsen:
1512 2026 1710 2077 pericula.

382 2080 396 2103 ²
425 2081 580 2118 Aetion
606 2080 715 2118 Ian:
760 2081 876 2118 etion
902 2079 988 2119 cdd.
1017 2080 1183 2128 (echion
1208 2079 1267 2118 cd.
1294 2080 1392 2118 Par.
1420 2081 1559 2128 6801).

361 2173 378 2191 ⁰
407 2168 562 2213 Cicero,
585 2168 752 2213 Brutus,
776 2169 826 2206 70
846 2181 944 2218 says
964 2168 997 2205 it
1018 2180 1102 2205 was
1123 2167 1287 2212 Zeuxis,
1311 2167 1586 2218 Polygnotus,
1607 2167 1775 2206 Timan-

306 2221 398 2259 thes
423 2221 508 2259 and
535 2221 677 2259 others
702 2221 795 2259 who
820 2221 921 2259 used
945 2221 1040 2259 four
1063 2221 1228 2259 colours
1251 2220 1366 2271 only,
1393 2220 1514 2259 while
1539 2221 1581 2259 in
1606 2221 1774 2266 Aetion,

307 2275 603 2319 Nicomachus,
641 2276 909 2324 Protogenes.
945 2274 1029 2312 and
1065 2274 1231 2323 Apelles
1265 2274 1516 2324 everything
1551 2274 1634 2311 had
1671 2274 1774 2312 been

310 2328 491 2378 brought
514 2333 559 2365 to
584 2328 827 2378 per-fection.
889 2328 977 2366 But
994 2327 1068 2366 the
1085 2327 1327 2366 Alexander
1342 2328 1503 2365 mosaic
1519 2326 1774 2377 reproduces

308 2394 332 2419 a
353 2381 612 2420 four-colour
632 2381 823 2431 original.

363 2435 378 2458 ⁶
410 2435 559 2485 Indigo
581 2438 663 2483 (see
684 2435 704 2485 ξ
725 2437 793 2482 46)
811 2434 895 2473 and
917 2434 1112 2484 dragon's
1132 2433 1271 2479 blood,
1290 2433 1425 2472 which
1440 2432 1569 2472 latter
1588 2433 1622 2471 is
1642 2433 1773 2484 really

306 2502 330 2525 a
364 2488 687 2538 plant—producta
719 2493 793 2538 got
827 2487 978 2538 chiefly
1011 2488 1121 2526 from
1153 2500 1179 2526 a
1212 2487 1370 2537 species
1402 2486 1451 2525 of
1478 2487 1694 2526 Dracaena
1727 2499 1774 2525 or

309 2541 574 2591 Plerocarpna
595 2542 636 2579 in
657 2541 844 2580 Socotra.

310 2619 394 2674 298
