1873 3020
550 194 792 240 PLINY:
851 195 1178 241 NATURAL
1221 194 1514 241 HISTORY

214 329 263 366 73
358 322 563 384 Bryaxis
597 321 950 383 Aesculapium
985 329 1037 368 et
1070 321 1331 367 Seleucum
1352 321 1371 350 1
1403 321 1540 376 fecit,
1573 322 1765 370 Boedas

297 389 608 444 adorantem,
641 388 802 434 Baton
837 387 1119 450 Apollinem
1155 396 1206 434 et
1241 389 1500 444 Iunonem,
1534 392 1617 451 qui
1650 397 1765 436 sunt

214 463 262 498 74
298 455 483 501 Romae
516 458 564 500 in
599 455 901 501 Concordiae
935 454 1140 516 templo,
1174 454 1383 500 Cresilas
1405 455 1423 484 2
1455 454 1763 502 volneratum

297 523 631 576 deficientem,
666 524 715 566 in
751 538 848 583 quo
883 524 1037 582 possit
1072 521 1295 583 intellegi
1331 528 1573 583 quantum
1608 529 1765 568 restet

296 592 509 642 animae,
546 596 597 634 et
633 587 921 650 Olympium
957 587 1180 633 Periclen
1215 588 1420 649 dignum
1455 592 1764 651 cognomine,

295 659 573 716 mirumque
593 657 642 699 in
662 654 754 699 hac
774 661 881 700 arte
903 661 979 700 est
999 654 1131 716 quod
1150 653 1338 699 nobiles
1359 657 1483 700 viros
1503 654 1763 701 nobiliores

294 721 427 767 fecit.
497 721 859 782 Cephisodorus
880 720 900 748 3
929 721 1209 766 Minervam
1236 720 1513 767 mirabilem
1541 724 1591 766 in
1617 729 1761 783 portu

296 788 676 834 Atheniensium
711 795 763 833 et
793 804 929 832 aram
961 788 1024 833 ad
1056 787 1298 848 templum
1332 787 1459 833 Iovis
1491 786 1762 834 Servatoris

294 858 342 900 in
381 855 554 900 eodem
593 861 758 916 portu,
794 856 871 900 cui
908 870 1065 915 pauca
1103 860 1470 915 comparantur,
1506 853 1762 901 Canachus

211 928 261 965 75
295 920 577 983 Apollinem
621 921 826 975 nudum,
870 923 952 982 qui
997 919 1235 965 Philesius
1279 924 1672 982 cognominatur,
1713 924 1762 966 in

294 988 575 1050 Didymaeo
602 987 898 1048 Aeginetica
926 990 1050 1032 aeris
1078 994 1438 1048 temperatura,
1463 1003 1763 1050 cervumque

292 1071 391 1100 una
422 1057 493 1099 ita
528 1057 747 1115 vestigiis
782 1054 1056 1115 suspendit,
1092 1061 1147 1098 ut
1181 1053 1334 1098 linum
1354 1053 1373 1082 4
1405 1053 1578 1099 subter
1608 1053 1762 1116 pedes

292 1120 521 1166 trahatur
550 1120 742 1166 alterno
773 1137 936 1165 morsu
967 1120 1100 1165 calce
1131 1120 1400 1182 digitisque
1430 1121 1761 1166 retinentibus

291 1187 465 1242 solum,
499 1190 570 1232 ita
606 1187 894 1232 vertebrato
932 1203 1097 1248 ungue
1119 1187 1138 1215 5
1174 1189 1397 1248 utrisque
1434 1189 1483 1231 in
1519 1187 1761 1248 partibus,

291 1261 348 1300 ut
375 1271 401 1299 a
431 1253 629 1315 repulsu
658 1270 746 1315 per
772 1256 901 1299 vices
930 1252 1130 1299 resiliat.
1199 1253 1331 1298 idem
1362 1260 1414 1299 et
1441 1252 1761 1300 celetizontas

291 1337 486 1382 pueros,
528 1320 777 1366 Chaereas
817 1319 1160 1365 Alexandrum
1203 1319 1446 1382 Magnum
1489 1326 1541 1366 et
1581 1319 1761 1382 Philip-

292 1404 410 1449 pum
460 1394 656 1448 patrem
708 1390 810 1432 eius
861 1386 997 1441 fecit,
1048 1385 1293 1431 Ctesilaus
1343 1385 1659 1448 doryphoron
1708 1394 1760 1433 et

212 1460 258 1498 76
293 1455 599 1499 Amazonem
666 1453 991 1508 volneratam,
1059 1453 1346 1499 Demetrius
1414 1452 1760 1515 Lysimachen,

291 1537 418 1582 quae
457 1520 685 1566 sacerdos
728 1520 986 1565 Minervae
1025 1519 1122 1565 fuit
1160 1535 1299 1564 LX1111
1340 1522 1497 1574 annis,
1536 1519 1668 1565 idem
1708 1527 1760 1566 et

293 1587 589 1640 Minervam,
638 1603 766 1648 quae
813 1586 1097 1648 mycetica6
1138 1585 1759 1647 appellatur—dracones⁷

290 1656 337 1698 in
363 1654 594 1715 Gorgone
619 1657 722 1699 eius
746 1653 809 1698 ad
832 1656 957 1699 ictus
982 1652 1202 1699 citharae
1227 1655 1411 1698 tinnitu
1434 1659 1669 1699 resonant
1684 1667 1759 1708 3—

353 1760 365 1782 ¹
397 1760 586 1798 Salutem
613 1759 846 1799 Hardoum.

349 1813 365 1837 ²
394 1814 559 1852 ctesilas
583 1813 641 1852 od.
668 1813 780 1852 Leid.
815 1814 954 1852 Vos-z:
998 1813 1204 1852 Ctesilaus
1228 1812 1461 1853 Harclouin.

347 1867 362 1890 ³
391 1867 700 1918 Cephisodotus
721 1867 953 1905 Harclouin.

349 1921 364 1943 ⁴
392 1924 441 1958 ut
463 1921 630 1958 inlitum
651 1920 699 1958 B.

349 1973 363 1995 ⁵
392 1987 532 2025 ungue
577 1979 648 2012 aut
695 1973 801 2025 pede
840 1978 911 2011 aut
954 1973 1199 2012 vertebrata
1247 1972 1405 2024 ungula
1453 1972 1752 2023 Warminyton:

289 2025 427 2066 dente.

349 2082 364 2104 ⁶
397 2082 604 2132 mycetica
653 2081 837 2120 Traube:
906 2081 1091 2132 myctica
1140 2080 1246 2119 Ian:
1314 2081 1495 2132 mystica
1544 2080 1750 2119 Frdlmer:

293 2135 475 2185 myetica
498 2135 560 2173 B:
605 2135 765 2173 musica
790 2134 872 2172 rell.

350 2188 364 2211 ⁷
395 2188 596 2226 dracones
619 2188 655 2226 Β
673 2204 681 2227 :
723 2188 923 2238 quoniam
947 2187 1149 2226 dracones
1169 2187 1253 2226 rell.

335 2367 353 2386 ⁰
380 2362 595 2413 Probably
616 2360 814 2400 Seleucus
834 2359 869 2406 I,
893 2361 1008 2411 King
1030 2362 1217 2399 312-280
1242 2372 1321 2400 B.c.

339 2415 353 2439 ⁶
384 2416 393 2431 ‘
415 2416 674 2466 Olympian,'
701 2417 709 2430 ‘
732 2415 844 2466 High
869 2415 954 2453 and
978 2413 1174 2465 Mightyss
1200 2428 1245 2452 as
1270 2414 1448 2453 Pericles
1475 2414 1647 2453 himself
1668 2428 1753 2453 was

279 2469 583 2561 harilr‘igacluzllilll
603 2469 876 2560 Elsssltifmime·
936 2469 1085 2518 (Jopies
1106 2469 1153 2506 of
1169 2467 1267 2513 this,
1291 2468 1374 2506 and
1396 2468 1468 2506 the
1488 2468 1599 2507 basis
1617 2469 1665 2507 of
1680 2469 1752 2507 the

292 2612 370 2653 182
