1899 3015
235 323 284 359 88

238 1171 287 1207 89

239 1787 290 1824 90

572 186 814 232 PLINY:
872 187 1199 234 NATURAL
1241 186 1536 234 HISTORY

318 317 504 359 ’tionem
544 317 729 375 primus
769 313 925 359 Rhodi
966 317 1240 359 constituit.
1311 314 1545 360 sordebat
1582 317 1698 368 suis,
1735 322 1791 360 ut

319 391 611 452 plerumque
669 391 959 444 domestica,
1018 393 1450 452 percontantique,
1508 394 1682 452 quanti
1738 390 1791 436 li—

318 475 455 513 ceret
502 484 653 529 opera
702 466 896 521 effecta,
945 484 1150 529 parvum
1200 471 1364 513 nescio
1412 468 1531 529 quid
1579 468 1791 522 dixerat,

320 552 371 590 at
425 545 504 590 ille
555 547 918 606 quinquagenis
973 544 1175 589 talentis
1230 547 1454 606 poposcit
1507 544 1792 606 famamque

319 622 566 683 dispersit,
608 638 660 666 se
703 638 886 675 emere,
929 628 984 667 ut
1025 638 1112 683 pro
1153 624 1250 666 suis
1292 621 1547 667 venderet.
1617 637 1677 666 ea
1715 637 1792 667 res

320 702 585 744 concitavit
622 698 837 744 Rhodios
876 698 938 744 ad
975 698 1370 760 intellegendum
1407 698 1665 752 artificem,
1703 714 1793 744 nec

321 779 408 821 nisi
441 776 740 838 augentibus
770 778 986 836 pretium
1017 778 1178 820 cessit.

387 852 673 915 Imagines1
717 853 841 898 adeo
884 853 1217 898 similitudinis
1265 852 1563 898 indiscretae
1614 854 1792 914 pinxit,

322 929 730 975 ut——incredibile
779 930 1115 991 dictu—Apio
1157 931 1511 991 grammaticus
1555 932 1791 990 scriptum

320 1007 592 1069 reliquerit,
629 1007 880 1069 quendam
918 1023 978 1052 ex
1016 1005 1140 1051 facie
1177 1006 1433 1052 hominum
1469 1006 1792 1060 divinantem,

321 1101 442 1147 quos
470 1091 846 1146 metoposcopos
874 1090 1069 1137 vocant,
1099 1100 1159 1129 ex
1188 1086 1243 1128 iis
1271 1083 1452 1129 dixisse
1481 1090 1569 1129 aut
1595 1082 1793 1128 futurae

320 1165 490 1207 mortis
525 1178 677 1207 annos
716 1168 803 1206 aut
840 1163 1144 1223 praeteritae
1177 1160 1349 1207 vitae.2
1417 1176 1515 1205 non
1551 1159 1716 1205 fuerat
1750 1163 1793 1206 ei

321 1242 483 1302 gratia
521 1242 569 1283 in
608 1241 849 1284 comitatu
889 1237 1160 1283 Alexandri
1200 1254 1310 1283 cum
1352 1235 1658 1291 Ptolemaeo,
1697 1253 1795 1299 quo

323 1323 565 1378 regnante
630 1315 986 1361 Alexandriam
1052 1317 1095 1360 vi
1161 1317 1478 1376 tempestatis
1545 1314 1795 1376 expulsus,

322 1394 591 1439 subornato
627 1392 802 1438 fraude
840 1392 1146 1438 aemulorum
1184 1391 1330 1453 plano
1367 1394 1503 1453 regio
1540 1394 1795 1445 invitatus,

324 1471 385 1515 ad
405 1486 579 1516 cenam
599 1473 736 1515 venit
756 1470 1137 1532 indignantique
1159 1467 1447 1515 Ptolemaeo
1469 1475 1521 1513 et
1540 1475 1794 1514 vocatores

323 1565 433 1593 suos
472 1547 775 1601 ostendenti,
814 1554 870 1592 ut
907 1547 1112 1600 diceret,
1151 1562 1180 1591 a
1217 1562 1314 1607 quo
1353 1562 1522 1591 eorum
1560 1548 1796 1591 invitatus

325 1632 472 1679 esset,
512 1631 710 1686 arrepto
749 1625 962 1669 carbone
1002 1626 1224 1669 extincto
1264 1639 1290 1668 e
1329 1622 1490 1668 foculo
1528 1625 1794 1684 imaginem

324 1706 372 1746 in
400 1705 591 1763 pariete
620 1701 906 1755 delineavit,
935 1701 1273 1763 adgnoscente
1302 1700 1489 1745 voltum
1518 1699 1648 1761 plani
1678 1715 1796 1761 rege

323 1778 609 1824 inchoatum
682 1781 922 1840 protinus.
991 1781 1153 1839 pinxit
1228 1784 1280 1823 et
1353 1777 1593 1839 Antigoni
1668 1780 1796 1838 regis

324 1859 592 1917 imaginem
631 1856 788 1901 altero
826 1855 1011 1900 lumine
1050 1853 1250 1900 orbati3
1287 1856 1472 1916 primus
1512 1856 1797 1916 excogitata

326 1936 515 1978 ratione
549 1936 668 1978 vitia
700 1932 972 1986 condendi3
1022 1931 1274 1994 obliquam
1307 1946 1523 1993 namque
1556 1930 1692 1984 fecit,
1724 1937 1797 1984 ut,

719 2058 731 2080 1
763 2057 965 2107 imagines
993 2057 1140 2095 Gelan:
1180 2055 1423 2106 imaginem.

715 2112 730 2133 ²
761 2112 873 2149 vitae
899 2110 992 2148 add.
1020 2110 1180 2148 Βνιιηη.

713 2163 728 2186 ³
759 2164 896 2202 orbati
921 2163 1115 2213 Mayhofs
1129 2179 1136 2202 :
1176 2162 1387 2201 orbatam.

382 2306 399 2323 ‘²
429 2300 516 2337 The
531 2299 644 2338 word
658 2298 978 2349 μετωποσκόπος
993 2311 1137 2336 means
1151 2311 1229 2336 one
1244 2297 1338 2335 who
1350 2309 1475 2348 gazes
1487 2302 1534 2335 at
1548 2297 1797 2346 (examines)

328 2353 623 2457 fozelfftaotffiffiy
643 2405 679 2451 I,
702 2405 795 2444 who
816 2405 912 2444 died
933 2405 975 2443 in
997 2406 1074 2443 286
1100 2416 1178 2442 Β.(·.

384 2466 397 2484 ⁶
427 2461 609 2499 382-301
641 2471 722 2498 B.c.
784 2459 873 2497 One
899 2458 947 2497 of
970 2457 1247 2496 Alexander's
1269 2456 1474 2507 generals,
1496 2455 1581 2494 and
1614 2455 1729 2506 King
1755 2455 1803 2494 of

327 2513 573 2552 Macedonia
593 2514 794 2552 306-301.

325 2589 414 2649 326
