1899 3015
200 361 272 399 173

204 827 276 864 174

205 1425 276 1463 175

560 227 800 272 PLINY:
859 227 1185 273 NATURAL
1228 226 1521 273 HISTORY

372 355 509 400 LIII.
550 355 638 399 Est
665 361 716 400 et
742 354 1088 416 molybdaena,
1116 371 1264 416 quam
1292 354 1385 399 alio
1415 354 1515 399 loco
1539 353 1771 416 galenam

307 421 679 482 appellavimus,
729 437 851 465 vena
901 424 1092 481 argenti
1143 421 1433 481 plumbique
1481 423 1769 466 communis.

308 489 478 533 melior
515 487 652 541 haec,
685 495 872 549 quanto
915 490 1069 549 inagis
1108 490 1242 532 aurei
1275 487 1446 532 coloris
1483 494 1773 549 quantoque

310 558 466 599 minus
507 554 783 615 plumbosa,
824 553 1027 599 friabilis
1069 560 1121 599 et
1158 553 1350 599 modice
1389 556 1566 616 gravis.
1634 560 1774 599 cocta

307 638 417 667 cum
461 621 568 666 olco
612 623 835 665 iocineris
878 620 1091 666 colorem
1133 619 1302 666 trahit.
1372 619 1682 666 adhaerescit
1723 626 1776 666 et

309 691 412 733 auri
439 690 732 749 argentique
758 686 1065 740 fornacibus;
1107 685 1233 732 hanc
1256 686 1557 732 metallicam
1580 694 1772 733 vocant.

309 754 647 799 laudatissima
665 770 793 815 quae
811 757 858 798 in
876 752 1119 815 Zephyrio
1137 753 1224 799 fiat
1241 768 1251 807 ;
1285 754 1558 814 probantur
1573 756 1775 799 minime

310 828 538 866 terrenae
564 823 866 881 minimeque
893 820 1157 881 lapidosae.
1226 827 1506 882 coquuntur
1529 819 1776 866 lavantur-

310 904 406 948 que
448 890 631 932 scoriae
673 887 834 932 modo.
904 903 1019 932 usus
1059 890 1108 931 in
1150 886 1304 948 lipara
1344 886 1407 932 ad
1447 886 1678 932 lenienda
1718 902 1773 932 ac

311 954 644 1015 refrigeranda
665 953 830 998 ulcera
848 961 899 998 et
916 953 1211 1014 emplastris,
1228 969 1356 1015 quae
1374 970 1471 998 non
1487 953 1773 1016 inligantur,

309 1020 395 1066 sed
422 1020 560 1065 inlita
587 1020 648 1065 ad
674 1023 952 1065 cicatricem
978 1020 1260 1081 perducunt
1285 1023 1334 1065 in
1358 1023 1542 1065 teneris
1567 1023 1776 1082 corpori-

309 1088 400 1132 bus
463 1087 858 1147 mollissimisque
922 1087 1160 1148 partibus.
1229 1090 1518 1147 compositio
1582 1089 1685 1132 eius
1749 1102 1776 1132 e

313 1154 443 1199 libris
469 1169 527 1198 111
552 1160 604 1198 et
626 1169 769 1198 cerae
793 1154 932 1207 libra,
956 1153 1050 1199 olei
1077 1169 1134 1198 111
1157 1152 1384 1208 heminis,
1408 1153 1541 1215 quod
1563 1155 1612 1199 in
1635 1153 1774 1199 senili

308 1237 510 1281 corpore
570 1236 682 1265 cum
741 1219 953 1265 fracibus
1013 1220 1227 1266 additur.
1295 1226 1607 1281 temperatur
1664 1236 1776 1265 cum

309 1303 485 1348 spuma
521 1289 713 1348 argenti
752 1294 804 1331 et
838 1289 993 1332 scoria
1027 1286 1215 1348 plumbi
1252 1286 1314 1332 ad
1350 1286 1687 1349 dysenteriam
1725 1293 1777 1332 et

311 1361 592 1399 tenesmum
617 1352 829 1398 fovenda
852 1353 1024 1398 calida.

377 1420 504 1465 LIV.
543 1418 855 1465 Psimithium
880 1435 1095 1481 quoque,
1119 1418 1210 1465 hoe
1234 1426 1310 1465 est
1332 1435 1597 1473 cerussam,
1619 1418 1777 1481 plum—

311 1487 476 1531 bariae
514 1486 636 1532 dant
673 1487 911 1540 officinae,
951 1486 1340 1531 laudatissimam
1377 1489 1427 1530 in
1464 1485 1653 1532 Rhodo.
1722 1485 1777 1531 fit

311 1560 480 1598 autern
516 1556 752 1598 ramentis
788 1553 973 1614 plumbi
1012 1555 1311 1598 tenuissimis
1347 1569 1494 1613 super
1529 1568 1611 1598 vas
1648 1555 1776 1598 aceti

311 1623 563 1681 asperrimi
593 1623 814 1680 inpositis
841 1627 992 1681 atque
1021 1623 1092 1665 ita
1116 1619 1496 1665 destillantibus.
1557 1619 1689 1680 quod
1714 1635 1775 1664 ex

312 1702 370 1732 eo
410 1687 587 1732 cecidit
627 1689 675 1731 in
716 1690 876 1747 ipsum
916 1693 1131 1740 acetum,
1172 1685 1446 1731 arefactum
1485 1686 1687 1731 molitur
1725 1692 1778 1731 et

311 1754 554 1798 cribratur
613 1756 896 1814 iterumque
958 1760 1099 1798 aceto
1161 1753 1383 1798 admixto
1444 1755 1493 1797 in
1555 1751 1776 1813 pastillos

311 1819 546 1865 dividitur
568 1826 619 1864 et
642 1822 690 1864 in
713 1819 812 1865 sole
835 1822 1048 1865 siccatur
1069 1826 1277 1864 aestate.
1347 1819 1401 1864 fit
1425 1826 1476 1864 et
1498 1818 1591 1864 alio
1613 1819 1776 1873 modo,

311 1886 481 1932 addito
514 1889 563 1931 in
597 1902 766 1932 urceos
801 1889 927 1931 aceti
961 1886 1164 1948 plumbo
1197 1893 1454 1947 opturatos
1488 1901 1576 1947 per
1608 1885 1713 1931 dies
1746 1901 1775 1931 x

311 1953 584 2015 derasoque
619 1969 708 1999 ceu
743 1956 840 1998 situ
874 1969 930 1998 ac
963 1969 1128 1998 rursus
1163 1956 1364 2006 reiecto,
1389 1952 1547 1998 donec
1576 1951 1775 1999 deficiat

359 2160 376 2178 ⁰
405 2154 457 2193 In
486 2155 570 2192 this
601 2154 713 2192 word
748 2154 870 2204 Pliny
913 2154 1100 2192 includes
1130 2159 1215 2192 two
1245 2154 1413 2204 things:
1456 2153 1505 2203 (i)
1534 2166 1559 2192 a
1599 2153 1772 2192 mineral

304 2208 438 2246 which
471 2209 504 2246 is
537 2208 629 2246 lead
661 2207 855 2259 sulphidc
889 2208 994 2256 (still
1026 2207 1160 2246 called
1192 2207 1361 2257 galena)
1394 2220 1441 2245 or
1471 2206 1651 2258 perhaps
1683 2207 1775 2245 lead

304 2261 427 2300 oxide
454 2262 713 2309 (massicot);
757 2262 820 2310 (ii)
847 2275 899 2298 an
926 2261 1121 2299 artificial
1147 2261 1328 2312 product
1358 2260 1493 2298 which
1521 2260 1555 2298 is
1584 2260 1774 2311 litharge.

307 2315 416 2353 Both
445 2315 567 2364 Pliny
592 2314 676 2352 and
702 2314 967 2352 Dioscorides
992 2314 1072 2352 call
1097 2314 1169 2352 the
1195 2313 1371 2352 mineral
1393 2313 1559 2364 yellow,
1584 2313 1719 2352 which
1744 2315 1776 2352 is

305 2374 398 2407 true
419 2368 466 2406 of
481 2368 672 2418 litharge,
695 2373 771 2405 not
793 2368 840 2405 of
856 2368 947 2405 lead
969 2367 1176 2418 sulphide.
1236 2367 1290 2406 So
1311 2367 1384 2405 the
1406 2366 1580 2405 minora]
1604 2379 1704 2418 may
1726 2367 1775 2405 be

304 2422 375 2460 the
391 2421 543 2472 yellow
562 2434 608 2459 or
624 2421 844 2471 yellowish
863 2421 935 2459 red
954 2421 1155 2459 massicot
1173 2419 1247 2470 (K.
1266 2420 1310 2460 C.
1331 2420 1512 2471 Bailey).

365 2475 379 2498 ὸ
408 2475 541 2525 Sugar
570 2475 618 2512 of
643 2474 750 2520 lead,
783 2479 860 2513 not
889 2474 962 2513 the
992 2473 1169 2512 modern
1202 2474 1314 2513 basio
1344 2473 1439 2512 lead
1468 2472 1701 2513 carbonata
1730 2485 1777 2512 or

308 2528 316 2543 ‘
336 2528 461 2566 white
484 2527 605 2566 lead.’

312 2644 396 2690 252
