1873 3020
175 578 248 617 139

174 962 249 1002 140

174 1500 244 1538 141

538 212 744 258 PLINY
763 229 773 258 ε
830 210 1158 258 NATURAL
1204 210 1497 257 HISTORY

283 341 416 388 fecit.
487 358 599 386 nam
630 340 761 402 quod
789 340 1045 402 Agrippae
1076 339 1314 385 Menenio
1340 345 1599 384 sextantes
1626 341 1751 384 aeris

283 422 331 463 in
362 417 508 463 funus
540 417 768 469 contulit,
799 416 994 462 honoris
1026 416 1075 461 id
1107 418 1519 477 necessitatisque
1549 422 1753 477 propter

282 501 637 556 paupertatem
657 494 932 556 Agrippae,
951 509 1048 538 non
1067 492 1340 554 largitionis
1361 508 1468 537 esse
1487 491 1753 538 duxerim.1

343 570 526 616 XLIX.
566 570 693 615 Vasa
715 586 777 616 ex
806 576 1016 632 argento
1045 572 1168 614 mire
1193 571 1525 614 inconstantia
1550 568 1750 614 humani

282 651 466 711 ingenii
501 650 660 692 variat
692 647 882 692 nullum
915 662 1072 708 genus
1106 646 1329 691 officinae
1362 645 1447 691 diu
1479 645 1750 707 probando.

281 742 410 771 nunc
459 723 746 778 Furniana,2
793 740 922 769 nunc
969 722 1227 777 Clodiana,
1274 739 1404 768 nunc
1450 721 1753 768 Gratiana—

282 805 469 848 etenim
519 802 756 847 tabernas
806 803 987 846 mensis
1035 799 1415 861 adoptamus—,
1461 816 1592 845 nunc
1637 816 1752 845 ana-

279 879 457 941 glypta
476 881 904 940 asperitatemque
925 880 1089 923 exciso
1109 876 1128 905 3
1144 879 1271 922 circa
1292 876 1520 922 liniarum
1535 879 1752 938 picturas

281 958 583 1018 quaerimUS,
619 958 718 1000 iarn
754 971 870 1000 vero
907 961 960 1000 et
994 970 1191 1000 mensas
1227 956 1528 1015 repositoriis
1564 956 1752 1014 inponi·

279 1049 387 1078 mus
433 1033 497 1078 ad
541 1031 834 1078 sustinenda
878 1034 1099 1092 opsonia,
1144 1030 1495 1076 interradimus
1540 1030 1653 1085 alia,
1699 1037 1753 1076 ut

281 1126 431 1171 quam
462 1109 730 1171 plurimum
762 1108 879 1154 lima
909 1108 1200 1170 perdiderit.
1269 1124 1385 1153 vasa
1415 1110 1658 1153 cocinaria
1691 1124 1751 1153 ex

279 1193 490 1248 argento
517 1186 622 1232 fieri
650 1185 829 1231 Calvus
857 1192 1025 1231 orator
1052 1187 1288 1247 quiritat3
1333 1191 1387 1230 at
1414 1201 1500 1230 nos
1527 1201 1752 1230 carrucas

279 1271 490 1326 argento
508 1263 704 1308 caelare
723 1265 1017 1316 invenimus,
1037 1268 1307 1324 nostraque
1326 1268 1498 1307 aetate
1519 1260 1753 1323 Poppaea

278 1343 492 1386 coniunx
538 1339 746 1386 Neronis
791 1342 1023 1401 principis
1067 1338 1226 1384 soleas
1270 1338 1639 1384 delicatioribus
1683 1341 1753 1383 iu-

280 1420 462 1462 mentis
487 1420 585 1462 suis
612 1433 674 1463 ex
699 1433 819 1462 auro
844 1432 1043 1478 quoque
1068 1415 1275 1461 induere
1299 1418 1455 1461 iussit.

345 1493 400 1539 L.
438 1493 666 1556 Triginta
698 1493 797 1539 duo
830 1493 979 1538 libras
1012 1495 1209 1555 argenti
1240 1491 1504 1538 Africanus
1539 1508 1752 1554 sequens

280 1570 451 1616 heredi
476 1571 676 1633 reliquit
699 1570 951 1632 idemque,
975 1586 1088 1616 cum
1111 1569 1174 1615 de
1199 1568 1376 1615 Poenis
1401 1568 1753 1630 triumpharet,

284 1655 363 1694 iffi
396 1663 568 1692 CCCLxx
602 1647 767 1709 pondo
800 1646 1072 1693 transtulit.
1141 1646 1232 1692 hoc
1265 1649 1461 1709 argenti
1494 1653 1603 1692 tota
1638 1645 1754 1691 Car-

281 1723 436 1786 thago
468 1723 646 1770 habuit
677 1724 760 1769 illa
793 1731 1039 1770 terrarum
1072 1723 1287 1778 aemula,
1316 1730 1439 1785 quot
1470 1739 1753 1769 mensarum

280 1808 457 1862 postea
502 1808 749 1862 apparatu
795 1801 952 1846 victa!
1019 1799 1292 1846 Numantia
1338 1800 1540 1862 quidem
1585 1800 1754 1846 deleta

282 1877 415 1924 idem
441 1877 703 1923 Africanus
730 1881 779 1923 in
804 1877 1058 1939 triumpho
1082 1877 1320 1922 militibus
1347 1878 1385 1923 Χ
1409 1892 1480 1922 vll
1501 1876 1657 1923 dedit.
1724 1893 1753 1923 o

536 1986 550 2009 1
588 1986 663 2025 V.l.
687 1985 882 2024 dixerim.
1117 1985 1132 2007 ²
1172 1985 1245 2023 ῐ”.ἰ.
1270 1985 1500 2023 Firmiana.

870 2039 886 2062 ³
925 2039 1000 2078 VJ.
1024 2038 1178 2077 excisa.

332 2173 350 2191 ⁶
379 2167 431 2206 In
457 2168 750 2218 performance
777 2166 825 2205 of
845 2180 871 2205 a
898 2180 991 2205 vow
1018 2166 1115 2205 that
1141 2166 1193 2204 he
1220 2166 1344 2204 made
1369 2166 1413 2205 in
1439 2166 1512 2205 the
1539 2179 1624 2205 war
1649 2166 1751 2204 with

276 2221 513 2260 Antiochus
555 2220 639 2267 III,
684 2221 800 2271 King
842 2220 891 2259 of
929 2220 1064 2271 Syria,
1109 2219 1390 2271 victoriously
1433 2219 1667 2258 concluded
1709 2220 1752 2258 in

279 2277 354 2352 199
378 2286 511 2366 {gase
538 2328 708 2366 various
734 2327 858 2365 kinds
885 2326 932 2365 of
953 2326 1070 2377 plate
1096 2340 1166 2365 are
1192 2325 1347 2364 named
1373 2325 1483 2364 after
1509 2325 1581 2364 the
1607 2326 1749 2364 silver-

276 2381 429 2420 smiths
445 2381 539 2419 who
559 2381 809 2420 introduced
827 2379 959 2419 them.
1018 2380 1100 2418 For
1117 2379 1190 2418 the
1211 2379 1294 2418 last
1315 2378 1367 2419 cf.
1390 2379 1559 2418 Martial
1579 2378 1656 2418 IV.
1672 2379 1748 2418 39:

278 2435 452 2486 Argenti
484 2448 616 2485 genus
649 2447 774 2473 omne
808 2434 1067 2485 comparasti
1100 2463 1108 2471 .
1142 2463 1150 2472 .
1184 2463 1193 2472 .
1225 2433 1312 2472 Nec
1347 2433 1502 2472 desunt
1534 2433 1615 2473 tibi
1652 2446 1751 2472 vera

278 2489 501 2527 Gratiana.

337 2548 351 2566 ⁶
381 2541 521 2593 Scipio
546 2540 823 2579 Aemilianus.

292 2633 376 2674 104
