1873 3020
534 205 774 251 PLINY:
833 204 1159 250 NATURAL
1203 203 1496 250 HISTORY

281 335 416 378 minii
443 332 633 377 redeat.
703 339 821 377 tunc
848 334 1086 377 siccatum
1112 334 1160 376 in
1187 330 1288 377 sole
1315 334 1364 376 in
1390 347 1537 377 aerea
1563 331 1747 394 pyxide

281 406 517 444 servatur.

176 471 247 511 107
344 464 526 510 XXIV.
564 464 630 510 Et
649 468 801 510 scoria
822 467 947 509 aeris
967 464 1110 509 simili
1129 463 1275 510 modo
1293 463 1503 519 lavatur,
1522 467 1709 510 minore
1730 464 1747 492 ¹

284 530 461 577 effectu
490 548 638 593 quam
665 534 825 592 ipsum
852 547 949 576 aes.
1018 531 1106 576 sed
1133 537 1185 576 et
1210 534 1335 576 aeris
1361 529 1447 576 flos
1474 531 1748 576 medicinae

283 598 414 643 utilis
447 605 536 643 est.
607 598 662 642 fit
692 613 806 643 aere
837 596 944 642 fuso
976 604 1028 642 et
1057 600 1106 642 in
1136 597 1255 642 alias
1285 596 1508 642 fornaces
1538 597 1748 651 tralato3

284 665 350 709 ibi
381 664 503 709 flatu
534 664 779 709 crebriore
811 667 1131 709 excutiuntur
1161 663 1314 709 veluti
1344 663 1463 708 milii
1494 680 1748 726 squamae,

284 747 405 792 quas
432 737 611 776 vocant
637 730 835 784 florem;
880 730 1067 775 cadunt
1093 737 1280 784 autem,
1307 747 1418 776 cum
1444 746 1597 792 panes
1624 733 1748 776 aeris

285 813 413 859 aqua
468 796 844 858 refrigerantur,
899 797 1180 858 rubentque
1236 796 1460 842 similiter
1513 813 1749 859 squamae

284 866 427 917 aeris,
457 880 605 925 quam
633 870 813 909 vocant
841 863 1023 925 lepida,
1052 870 1104 909 et
1131 866 1198 909 sic
1226 863 1538 909 adulteratur
1565 862 1668 918 flos,
1694 871 1749 909 ut

284 946 491 992 squama
536 937 719 975 veneat
762 946 850 991 pro
895 946 969 975 eo.
1039 937 1116 975 est
1160 937 1329 975 autem
1374 946 1581 989 squama
1624 933 1748 975 aeris

279 997 487 1043 decussa
511 998 557 1040 vi
583 994 749 1048 clavis,
772 997 824 1039 in
853 1009 975 1055 quos
1004 1008 1160 1053 panes
1192 993 1324 1036 aerei
1353 988 1760 1043 feruminantur?

278 1067 329 1108 in
362 1063 514 1125 Cypri
543 1063 761 1106 maxime
792 1061 1010 1105 officinis.
1083 1061 1239 1103 omnis
1274 1057 1293 1085 3
1325 1056 1606 1102 differentia
1636 1055 1759 1101 haec

283 1138 376 1184 est,
407 1129 540 1191 quod
575 1144 783 1190 squama
814 1129 1065 1172 excutitur
1094 1129 1196 1170 ictu
1226 1125 1384 1171 isdem
1413 1125 1642 1186 panibus,
1671 1122 1759 1169 flos

174 1203 251 1240 108
284 1197 417 1243 cadit
449 1202 642 1257 sponte.
712 1209 949 1256 squamae
981 1200 1056 1238 est
1087 1192 1299 1237 alterum
1328 1207 1485 1254 genus
1515 1190 1759 1252 suptilius,

284 1280 345 1309 ex
380 1278 573 1307 summa
607 1261 793 1307 scilicet
827 1260 1061 1322 lanugine
1099 1259 1380 1312 decussum,
1414 1257 1548 1319 quod
1581 1264 1759 1303 vocant

283 1337 544 1375 stomoma.

346 1396 501 1441 XXV.
541 1395 711 1456 Atque
777 1393 900 1438 haec
965 1396 1131 1438 onmia
1193 1391 1574 1453 medici—quod
1636 1407 1759 1452 pace

284 1479 455 1509 eorum
483 1462 665 1507 dixisse
691 1461 1153 1522 liceat—ignorant.
1222 1458 1431 1520 parent4
1456 1458 1760 1503 nominibus:

282 1533 332 1575 in
381 1528 611 1575 tantum5
661 1544 690 1572 a
738 1527 1053 1572 conficiendis
1102 1525 1512 1571 medicaminibus
1562 1525 1760 1578 absunt,

283 1596 416 1658 quod
453 1611 559 1641 esse
595 1597 849 1656 proprium
884 1594 1162 1639 medicinae
1198 1592 1405 1637 solebat.
1475 1607 1605 1636 nunc
1641 1607 1760 1652 quo-

283 1667 412 1708 tiens
445 1662 664 1707 incidere
696 1665 747 1706 in
779 1660 987 1714 libellos,
1019 1674 1317 1720 componere
1351 1674 1413 1703 ex
1445 1661 1501 1703 iis
1535 1657 1758 1703 volentes

283 1730 465 1790 aliqua,
499 1727 591 1773 hoc
627 1735 703 1773 est
737 1727 991 1789 impendio
1026 1729 1316 1771 miserorum
1353 1724 1596 1786 experiri⁶
1630 1741 1759 1769 com-

282 1795 571 1849 mentaria,⁷
611 1795 823 1840 credunt
863 1793 1114 1855 Seplasiae
1156 1795 1321 1837 omnia
1360 1790 1615 1837 fraudibus
1656 1808 1758 1837 cor-

337 1913 351 1936 1
382 1912 520 1950 minor
540 1911 626 1950 cdd.
642 1911 731 1961 fere
751 1923 901 1948 omnes.

336 1966 351 1989 ²
381 1965 623 2004 formantur
643 1964 748 2003 coni.
771 1963 975 2002 Eichholz.

337 2019 352 2041 ³
383 2020 519 2057 omnis
540 2018 591 2057 M
594 2017 736 2068 aylzosf
753 2017 839 2067 (qui
859 2022 892 2055 et
911 2029 1077 2055 summa
1097 2016 1240 2064 coni.):
1279 2017 1433 2054 omnia.

337 2074 350 2096 ⁴
382 2077 535 2123 parent
564 2071 744 2110 Urlichs:
785 2074 908 2121 paret
929 2071 984 2108 B:
1025 2083 1122 2120 pars
1145 2071 1279 2108 maior
1300 2074 1344 2108 et
1367 2069 1470 2108 rell.:
1511 2081 1611 2120 p.m.
1637 2073 1759 2120 paret

282 2126 498 2177 Dellessen.
543 2125 610 2149 ⁴-5
640 2129 792 2175 parent
815 2124 1057 2163 nominibus
1079 2123 1141 2162 hi:
1181 2128 1353 2162 tantum
1376 2123 1480 2162 coni.
1506 2122 1709 2174 Mayhoff.

335 2181 350 2202 ⁴³
388 2180 464 2219 VJ.
487 2178 688 2229 expediri.

337 2236 350 2256 ⁷
382 2233 773 2282 connnentariaque
794 2232 850 2270 B:
888 2244 1018 2281 supra
1035 2236 1127 2281 post
1148 2230 1313 2270 libellos
1335 2235 1460 2269 trans.
1490 2229 1663 2269 Urlichs.

338 2344 354 2361 ⁰
385 2337 473 2376 The
493 2337 612 2375 dross
632 2336 847 2387 produced
867 2336 988 2374 when
1009 2335 1081 2374 the
1102 2349 1172 2374 ore
1191 2337 1225 2373 is
1244 2335 1379 2374 fused.

335 2392 352 2417 ὸ
385 2391 600 2441 Probably
641 2392 683 2429 in
724 2390 797 2429 the
839 2391 953 2428 main
994 2389 1068 2428 red
1109 2402 1290 2439 cuprous
1331 2388 1456 2427 oxide
1497 2390 1590 2437 (not
1631 2388 1756 2428 black

281 2447 422 2495 cuprio
443 2444 583 2493 oxide)
605 2444 708 2482 with
730 2456 845 2482 some
865 2443 1054 2481 metallic
1075 2456 1231 2493 copper
1249 2443 1291 2480 in
1313 2444 1358 2481 it.

336 2505 349 2521 ⁶
380 2499 568 2549 Seplasia
589 2511 674 2536 was
695 2496 767 2536 the
787 2497 943 2548 special
966 2501 1139 2547 quarter
1158 2496 1205 2534 of
1221 2496 1366 2547 Capua
1385 2495 1523 2535 where
1543 2495 1756 2546 persumes

280 2565 387 2589 were
409 2552 513 2590 sold.

280 2611 366 2663 206
