1873 3020
571 211 811 258 PLINY:
870 210 1195 256 NATURAL
1241 208 1532 256 HISTORY

322 341 453 387 idern
502 343 723 403 equitem
770 339 1038 393 Simonem,
1086 341 1168 400 qui
1215 341 1400 399 primus
1446 337 1510 384 de
1557 340 1783 400 equitatu

319 411 527 469 scripsit.
598 405 869 459 Daedalus,
909 414 959 451 et
998 408 1101 467 ipse
1142 407 1271 450 inter
1309 404 1502 450 fictores
1539 403 1786 457 laudatus,

321 490 498 535 pueros
565 473 687 519 duos
744 473 1112 534 destringentes
1169 487 1222 516 se
1291 469 1427 524 fecit,
1484 471 1786 517 Dinomenes

324 539 649 586 Protesilaum
689 546 741 584 et
780 538 1147 601 Pythodemum
1186 537 1496 583 luctatorem.
1567 536 1786 599 Euphra-

321 609 449 653 noris
494 605 782 651 Alexander
826 605 961 650 Paris
1008 612 1100 658 est,
1146 607 1195 649 in
1240 621 1337 666 quo
1380 603 1613 649 laudatur
1657 603 1786 665 quod

321 676 485 719 onmia
530 672 673 718 simul
718 671 1092 733 intellegantur,
1137 670 1286 715 iudex
1330 670 1554 724 dearum,
1598 677 1790 716 amator

323 739 548 785 Helenae
594 746 645 784 et
690 745 861 784 tamen
905 736 1108 783 Achillis
1153 736 1457 782 interfector.
1526 735 1668 782 huius
1714 743 1790 782 est

325 806 569 859 Minerva,
630 805 816 850 Romae
876 820 1003 866 quae
1063 804 1242 848 dicitur
1301 802 1604 856 Catuliana,1
1662 801 1788 847 infra

323 871 622 933 Capitolium
653 888 677 915 a
710 871 768 928 Q
803 871 1006 916 Lutatio
1035 870 1218 922 dicata,
1247 877 1299 914 et
1327 869 1640 914 simulacrum
1670 869 1790 915 Boni

324 939 562 992 Eventus,
599 938 775 983 dextra
814 944 1058 998 pateram,
1095 939 1290 981 sinistra
1328 939 1512 996 spicam
1549 952 1605 981 ac
1640 951 1790 997 papa-

323 1021 437 1050 vera
483 1012 676 1053 tenens,
722 1007 842 1049 item
888 1003 1082 1048 Latona
1126 1019 1370 1064 puerpera
1415 1001 1696 1063 Apollinem
1740 1008 1791 1048 et

326 1072 540 1117 Dianam
599 1070 815 1116 infantes
873 1073 1120 1115 sustinens
1180 1071 1228 1114 in
1286 1069 1411 1114 aede
1469 1068 1787 1114 Concordiae.

328 1137 446 1183 fecit
489 1145 540 1183 et
583 1137 847 1199 quadrigas
888 1136 1129 1198 bigasque
1178 1143 1229 1181 et
1270 1134 1566 1180 cliduchon²
1613 1137 1792 1180 eximia

324 1204 479 1249 forma
507 1211 559 1249 et
584 1203 834 1249 Virtutem
860 1210 911 1249 et
937 1202 1215 1256 Graeciam,
1241 1209 1478 1263 utrasque
1503 1201 1792 1255 colossaeas,

326 1270 583 1316 mulierem
618 1270 950 1315 admirantem
987 1276 1039 1315 et
1073 1268 1384 1322 adorantem,
1420 1271 1542 1313 item
1577 1266 1793 1313 Alexan-

326 1337 469 1382 drum
502 1344 554 1382 et
585 1336 867 1397 Philippum
897 1338 947 1381 in
978 1335 1256 1398 quadrigis;
1305 1333 1610 1396 Eutychides
1641 1334 1792 1380 Euro-

326 1411 449 1457 tam,
490 1406 537 1448 in
580 1420 676 1464 quo
717 1410 875 1448 artem
917 1404 1022 1463 ipso
1062 1418 1208 1446 amne
1250 1401 1559 1462 liquidiorem
1598 1400 1792 1462 plurimi

325 1470 510 1516 dixere.
585 1469 780 1531 Hegiae
820 1469 1047 1514 Minerva
1087 1467 1403 1530 Pyrrhusque
1441 1483 1527 1512 rex
1563 1465 1796 1512 laudatur

327 1544 379 1582 et.
403 1536 724 1581 celetizontes
750 1538 891 1597 pueri
917 1542 969 1580 et
995 1534 1170 1580 Castor
1195 1551 1251 1579 ac
1276 1533 1449 1580 Pollux
1475 1540 1593 1578 ante
1618 1533 1795 1579 aedem

329 1603 454 1648 Iovis
488 1603 744 1657 Tonantis,
775 1602 1025 1664 Hagesiae
1058 1604 1107 1646 in
1142 1600 1284 1646 Pario
1316 1599 1504 1646 colonia
1539 1599 1793 1654 Hercules,

330 1670 502 1715 Isidoti
521 1670 541 1698 3
571 1668 853 1731 buthytes.4
921 1668 1100 1730 Lycius
1135 1667 1358 1730 Myronis
1390 1666 1654 1728 discipulus
1684 1665 1796 1720 fuit,

327 1739 409 1798 qui
459 1734 579 1781 fecit
627 1736 833 1798 dignum
885 1741 1210 1796 praeceptore
1259 1749 1469 1795 puerum
1516 1732 1795 1779 sufflantem

326 1802 584 1864 languidos
617 1805 756 1865 ignes
790 1809 841 1847 et
874 1802 1219 1863 Argonautas3
1272 1799 1548 1845 Leochares
1581 1797 1795 1861 aquilam

328 1872 649 1923 sentientem,
686 1868 804 1930 quid
838 1871 1002 1929 rapiat
1037 1870 1086 1913 in
1121 1866 1417 1929 Ganymede
1453 1873 1506 1912 et
1539 1869 1617 1912 cui
1650 1864 1796 1917 ferat,

394 1976 406 1998 1
435 1976 633 2014 Catulina
655 1976 891 2014 Manutius.

389 2030 404 2105 Ξ
433 2029 657 2090 cliduchon
680 2029 924 2090 Hermolaus
945 2028 1180 2066 Barbarus:
1220 2025 1388 2065 cliticon
1407 2026 1470 2066 B:
1511 2025 1698 2065 cliticum
1713 2025 1796 2065 rell.

391 2136 406 2158 ⁴²
435 2082 731 2185 Ιίῧέῇὲζιῖῖἓΐλιῖε
765 2134 982 2184 Buthyres
1003 2132 1110 2172 rell.:
1143 2133 1422 2172 Eleuthereus
1442 2132 1675 2172 Hardoztin.

383 2290 400 2307 ⁰
430 2284 481 2322 In
511 2283 645 2322 Greek
670 2282 826 2334 Ἀγαθὴ
856 2283 982 2334 Τύχη.
1043 2282 1130 2320 But
1159 2282 1193 2320 it
1221 2294 1400 2333 appears
1429 2280 1526 2319 that
1556 2280 1628 2319 the
1657 2284 1799 2319 statue

328 2351 413 2413 wabs
427 2337 892 2437 gpe§o5f4'sriptolemus‚
914 2335 1132 2375 re-named
1151 2348 1197 2374 as
1216 2348 1241 2374 a
1261 2335 1432 2373 Roman
1450 2334 1581 2374 rustic
1596 2333 1795 2384 divinity.

389 2451 401 2468 ⁶
428 2421 515 2482 The
538 2417 651 2482 riv-er
674 2456 729 2482 on
751 2442 887 2481 which
910 2441 1065 2493 Sparta
1087 2441 1225 2480 stood.

389 2498 406 2520 ‘¹
434 2509 465 2535 c.
485 2497 675 2536 318-272
694 2508 775 2535 B.C.
835 2496 923 2534 But
937 2495 1120 2546 perhaps
1136 2507 1216 2539 rex,
1235 2494 1350 2544 king,
1369 2493 1521 2532 should
1543 2493 1594 2532 be
1614 2492 1797 2532 deleted.

388 2557 401 2573 ⁶
429 2551 597 2588 Parium
619 2563 705 2589 was
727 2549 851 2587 made
873 2563 895 2587 a
920 2550 1089 2587 Roman
1109 2548 1262 2598 colony
1285 2548 1341 2598 by
1364 2548 1591 2598 Augustus.

339 2628 423 2681 184
