1873 3020
224 598 274 635 88

557 201 796 247 PLINY:
854 202 1181 247 NATURAL
1225 201 1520 247 HISTORY

309 337 360 376 et
380 329 696 375 Cenchramis
718 329 736 357 1
761 336 814 375 et
837 328 1060 374 Callicles
1086 336 1138 374 et
1162 328 1324 390 Cepis,
1345 328 1732 376 Chalcosthenes
1753 327 1772 356 2

308 423 360 462 et
407 416 666 462 comoedos
717 423 768 461 et
815 415 1049 470 athletas,
1093 416 1317 477 Daippus
1367 419 1773 478 perixyomenon,

309 502 565 564 Daiphron
611 509 663 548 et
709 502 1024 548 Damocritus
1071 509 1123 548 et
1169 503 1396 548 Daemon
1442 501 1770 564 philosophos.

309 590 561 652 Epigonus
592 592 754 635 omnia
796 588 900 634 fere
940 589 1197 650 praedicta
1237 591 1459 634 imitatus
1504 592 1775 650 praecessit

308 679 356 722 in
381 677 601 722 tubicine
628 683 680 721 et
709 679 856 722 matri
886 674 1184 721 interfectae
1210 674 1403 721 infante
1427 675 1775 721 miserabiliter

307 763 610 809 blandiente.
681 763 860 808 Eubuli
897 762 1073 808 mulier
1108 763 1355 808 admirans
1392 761 1640 817 laudatur,
1678 762 1774 807 Eu-

308 850 484 895 bulidis
511 850 677 912 digitis
698 856 1006 911 computans.
1081 849 1250 895 Micon
1274 848 1476 894 athletis
1502 855 1772 910 spectatur,

310 937 619 999 Menogenes
649 937 913 999 quadrigis.
985 936 1089 982 Nec
1115 939 1275 981 minus
1305 935 1565 981 Niceratus
1594 938 1773 988 omnia,

308 1040 437 1087 quae
490 1027 661 1077 ceteri,
716 1024 976 1086 adgressus
1031 1025 1429 1085 repraesentavit
1483 1022 1775 1068 Alcibiaden

307 1110 695 1173 lampadumque
756 1127 963 1156 accensu
1024 1117 1239 1155 matrem
1300 1112 1402 1155 eius
1465 1109 1775 1155 Demaraten

224 1205 274 1242 89
306 1198 681 1243 sacrificantem.
766 1197 1015 1242 Tisicratis
1074 1196 1222 1259 bigae
1280 1195 1451 1241 Piston
1517 1195 1775 1241 mulierem

226 2073 276 2111 90

309 1287 540 1346 inposuit,
567 1284 697 1329 idem
726 1283 845 1329 fecit
873 1283 1095 1329 Martem
1122 1290 1174 1329 et
1202 1283 1524 1336 Mercurium,
1551 1285 1634 1344 qui
1660 1289 1776 1329 sunt

309 1374 355 1416 in
425 1371 728 1417 Concordiae
796 1370 985 1432 templo
1054 1370 1255 1416 Romae.
1325 1369 1560 1415 Perillum
1628 1386 1775 1415 nemo

308 1457 479 1503 laudet
528 1461 801 1503 saeviorem
853 1457 1116 1502 Phalaride
1167 1464 1397 1519 tyranno,
1449 1459 1526 1502 cui
1577 1463 1776 1502 taurum

308 1543 427 1590 fecit
453 1548 672 1607 mugitus
700 1544 870 1590 inclusi
892 1544 911 1573 3
940 1543 1148 1589 hominis
1176 1543 1420 1605 pollicitus
1449 1545 1550 1606 igni
1577 1543 1777 1589 subdito

310 1639 362 1677 et
380 1631 400 1659 4
422 1635 607 1693 primus
633 1638 868 1692 expertus
891 1634 1165 1676 cruciatum
1190 1647 1303 1675 eum
1327 1633 1530 1676 iustiore
1552 1632 1776 1676 saevitia.

308 1718 402 1764 huc
439 1735 467 1763 a
504 1718 774 1764 simulacris
812 1718 1019 1764 deorum
1056 1717 1411 1779 hominumque
1448 1716 1779 1762 devocaverat

308 1805 713 1851 humanissimam
775 1811 951 1850 artem.
1020 1804 1132 1850 ideo
1193 1810 1271 1849 tot
1331 1803 1610 1849 conditores
1673 1806 1776 1849 eius

308 1891 671 1947 laboraverant,
698 1899 754 1937 ut
781 1908 841 1937 ex
869 1907 929 1937 ea
954 1897 1206 1937 tormenta
1233 1890 1436 1936 fierent!
1481 1892 1654 1952 itaque
1679 1906 1778 1935 una

309 1979 372 2025 de
394 1996 543 2025 causa
564 1985 824 2024 servantur
848 1994 998 2040 opera
1023 1981 1143 2032 eius,
1163 1984 1220 2022 ut
1244 1979 1462 2039 quisquis
1486 1975 1569 2021 illa
1592 1975 1777 2030 videat,

310 2066 471 2112 oderit
493 2082 683 2111 manus.
753 2063 986 2110 Sthennis
1011 2063 1262 2118 Cererem,
1284 2063 1471 2118 Iovem,
1497 2062 1776 2108 Minervam

311 2151 448 2207 fecit,
485 2155 566 2215 qui
603 2159 719 2198 sunt
755 2151 943 2197 Romae
978 2154 1028 2196 in
1064 2150 1367 2196 Concordiae
1404 2148 1610 2211 templo,
1645 2149 1777 2195 idem

387 2270 401 2293 ¹
431 2270 715 2309 Cenchramus
739 2268 945 2307 Overbeck.

388 2323 403 2346 ²
435 2324 695 2362 calcostenes
714 2322 775 2360 B:
807 2321 1112 2361 Caecostvhenes
1135 2319 1491 2370 (ΞΚαῖκοσθένης)
1515 2319 1722 2359 Overbeck.

384 2375 400 2398 ⁸
429 2377 578 2416 inclusi
599 2376 691 2415 add.
717 2375 919 2426 Mayhoff.

381 2431 397 2454 ⁴
425 2435 469 2470 et
490 2431 553 2470 B:
595 2430 673 2469 all.
696 2442 762 2475 ex,
785 2433 875 2468 est:
915 2429 1149 2478 exprimere
1170 2427 1386 2478 Detlefsen.

695 2520 713 2538 ⁸
735 2515 841 2556 'rhis
861 2515 1014 2554 should
1036 2515 1087 2554 be
1107 2513 1384 2553 Dinomache.

316 2609 395 2652 192
