1873 3020
192 667 265 708 108

193 1268 265 1308 109

555 198 788 245 PLINY:
843 199 1026 245 NATU
1036 199 1169 245 RAL
1217 200 1259 245 H
1269 199 1503 246 ISTORY

300 332 403 389 ipsa
442 327 640 372 flamma
676 326 938 373 convoluta
973 327 1204 382 vericulo,
1241 334 1297 373 ut
1331 331 1396 373 sit
1430 328 1608 374 modici
1645 344 1765 389 pon-

298 395 442 440 deris.
512 402 588 440 est
611 401 800 448 autem,
824 400 880 439 ut
904 410 966 439 ex
990 397 1188 439 nomine
1212 394 1436 456 intellegi
1460 401 1645 456 potest,
1668 393 1765 440 fer-

298 464 541 507 vescentis
594 468 645 506 et
695 460 933 506 futurae1
983 464 1224 506 materiae
1274 477 1464 521 spuma.
1531 461 1687 507 distat
1735 477 1765 506 a

297 532 451 573 scoria
487 545 584 589 quo
618 534 788 589 potest
821 543 996 588 spuma
1031 544 1059 572 a
1092 526 1233 573 faece
1268 527 1482 573 distare:
1533 527 1765 582 alterum,

298 598 556 656 purgantis
585 611 637 639 se
666 597 925 648 materiae,
953 594 1166 639 alterum
1194 601 1440 656 purgatae
1467 597 1642 640 vitium
1671 601 1763 640 est.

298 661 499 723 quidam
544 661 642 706 duo
684 677 872 723 genera
914 660 1105 706 faciunt
1147 677 1371 722 spumae,
1415 677 1543 723 quae
1586 668 1767 707 vocant

296 728 585 790 scirerytida
606 728 624 756 2
651 735 703 773 et
727 727 1050 789 peumenen‚3
1073 731 1279 773 tertium
1304 727 1690 789 molybdaenam
1714 730 1765 772 in

296 795 500 857 plumbo
554 795 832 840 dicendam.
900 811 1093 855 spuma,
1148 801 1204 840 ut
1258 797 1322 840 sit
1377 794 1528 849 utilis,
1582 797 1765 840 iterum

298 865 526 924 coquitur
557 861 820 907 confractis
854 861 1039 907 tubulis
1072 860 1135 906 ad
1167 861 1566 922 magnitudinem
1598 860 1758 907 anulo—

298 928 446 974 rum.4
510 931 581 973 ita
617 945 824 974 accensa
859 926 1055 973 follibus
1091 928 1155 973 ad
1190 928 1492 989 separandos
1527 927 1766 974 carbones

297 998 614 1057 cineremque
642 995 860 1040 abluitur
886 1001 1029 1040 aceto
1057 1002 1145 1040 aut
1173 998 1285 1040 vino
1312 994 1557 1057 simulque
1588 997 1767 1041 restin-

296 1065 480 1124 guitur.
549 1062 723 1123 quodsi
770 1065 834 1107 sit
882 1065 1131 1124 argyritiS‚
1178 1068 1234 1107 ut
1279 1061 1464 1107 candor
1510 1064 1554 1107 ei
1601 1061 1766 1116 detur,

297 1129 642 1190 magnitudine
661 1128 809 1174 fabae
828 1128 1080 1174 confracta
1100 1131 1149 1173 in
1170 1128 1305 1173 fictili
1324 1131 1469 1190 coqui
1485 1128 1686 1174 iubetur
1704 1144 1766 1174 ex

299 1212 427 1257 aqua
452 1195 623 1241 addito
647 1198 696 1240 in
719 1195 932 1241 linteolis
956 1198 1122 1241 tritico
1147 1202 1198 1241 et
1221 1194 1407 1240 hordeo
1430 1197 1584 1249 novis,
1608 1195 1766 1241 donec

301 1278 359 1308 ea
388 1269 679 1324 purgentur.
746 1269 922 1323 postea
950 1278 998 1306 v1
1026 1262 1201 1307 diebus
1228 1268 1401 1307 terunt
1427 1264 1475 1306 in
1503 1264 1767 1316 mortariis,

298 1335 376 1375 ter
416 1329 496 1374 die
537 1329 799 1374 abluentes
840 1345 969 1391 aqua
1009 1328 1189 1389 frigida
1232 1335 1301 1382 et,
1342 1345 1453 1374 cum
1495 1327 1768 1383 desinant,5

297 1395 475 1450 calida,
515 1395 687 1441 addito
725 1396 828 1441 sale
867 1395 1018 1441 fossili
1058 1399 1106 1440 in
1146 1395 1321 1440 libram
1360 1411 1566 1456 spumae
1605 1394 1766 1441 obolo.

298 1465 560 1508 novissimo
597 1462 677 1508 die
716 1462 832 1508 dein
869 1462 1090 1508 condunt
1127 1465 1176 1507 in
1215 1462 1449 1523 plumbeo
1487 1478 1617 1507 vase.
1685 1461 1766 1507 alii

298 1546 410 1575 cum
442 1529 559 1574 faba
592 1529 805 1575 candida
840 1537 893 1575 et
925 1532 1086 1575 tisana
1120 1535 1299 1574 cocunt
1330 1532 1617 1591 siccantque
1647 1527 1768 1583 sole,

299 1596 379 1641 alii
423 1599 472 1641 in
514 1596 630 1641 lana
672 1596 883 1642 candida
928 1613 1039 1642 cum
1083 1595 1217 1650 faba,
1260 1596 1418 1641 donec
1458 1595 1625 1640 lanam
1668 1612 1765 1640 non

297 1662 544 1725 denigret.
611 1670 731 1708 tunc
788 1663 943 1709 salem
1001 1662 1218 1708 fossilem
1277 1662 1498 1708 adiciunt
1556 1661 1766 1707 subinde

299 1746 427 1792 aqua
445 1736 644 1775 mutata
660 1733 948 1792 siccantque
966 1729 1140 1775 diebus
1159 1745 1216 1774 XL
1231 1729 1538 1775 calidissimis
1557 1731 1766 1774 aestatis

298 1813 388 1842 nec
404 1813 500 1842 non
515 1799 565 1842 in
582 1803 755 1842 ventre
771 1796 912 1842 suillo
927 1799 977 1842 in
993 1813 1123 1859 aqua
1137 1802 1359 1858 coquunt
1375 1802 1766 1858 exemptamque

354 1925 364 1947 ¹
395 1930 438 1963 et
456 1925 622 1963 foturae
639 1926 693 1963 B2
712 1941 720 1964 :
756 1938 779 1963 e
796 1925 943 1963 fusura
960 1925 1066 1964 coni.
1087 1924 1304 1975 Mayhoff:
1340 1923 1415 1963 del.
1435 1923 1671 1963 Hardouin.

349 1978 363 2000 ²
392 1978 641 2029 scirerytida
670 1978 727 2017 B:
769 1979 882 2017 varia
911 1979 1019 2018 rell.:
1056 1977 1247 2029 lythrida
1276 1977 1458 2017 Brotier:
1492 1976 1768 2029 selererytida

296 2031 510 2082 Detlefsen.

348 2085 363 2107 ³
393 2098 620 2123 reumenen
641 2083 866 2135 Detlefsen.

352 2138 367 2161 ⁴
396 2138 689 2176 avellanarum
728 2138 948 2177 Caesarius
986 2138 1073 2178 coll.
1110 2138 1247 2177 Diosc.
1279 2137 1329 2176 V.
1367 2138 1469 2177 102:
1515 2136 1766 2176 nucularum

295 2192 596 2283 cozhdffiiiiant
642 2244 701 2283 cd.
747 2245 845 2283 Par.
895 2246 1028 2284 6801:
1081 2243 1249 2283 desinat
1297 2244 1410 2283 rell.:
1463 2243 1552 2283 dies
1599 2243 1766 2282 desinat,

295 2297 491 2349 Mayhoss
504 2314 512 2337 ε
554 2298 774 2349 denigrare
799 2298 968 2336 desinat
992 2297 1038 2337 G.
1064 2298 1114 2337 F.
1148 2298 1206 2337 W.
1235 2297 1402 2336 Muller.

711 2530 729 2548 ‘²
758 2525 915 2564 Native
941 2526 1034 2565 lead
1061 2526 1271 2578 sulphide.

296 2616 352 2658 82
