1899 3015
531 202 774 248 PLINY:
833 202 1162 249 NATURAL
1205 202 1501 249 HISTORY

285 344 414 390 quae
479 336 658 374 vocant
725 328 901 374 Graeci
966 323 1083 391 ἤθη,
1149 331 1271 374 item
1337 329 1755 390 perturbationes,

282 396 448 441 durior
475 395 622 457 paulo
651 398 700 440 in
730 396 986 441 coloribus.
1055 395 1198 441 huius
1227 411 1378 457 opera
1398 395 1416 424 1
1448 432 1458 442 .
1491 432 1500 441 .
1534 432 1544 442 .
1575 397 1756 458 oppido

283 470 430 523 capto
482 463 544 508 ad
595 465 766 507 matris
818 465 1073 508 morientis
1126 478 1187 507 ex
1239 462 1437 508 volnere
1487 478 1757 509 mammam

284 529 527 590 adrepens
576 528 754 583 infans,
804 529 1214 591 intellegiturque
1261 532 1447 575 sentire
1495 536 1658 575 mater
1705 537 1758 576 et

283 598 477 650 timere,
496 611 557 640 ne
580 603 806 641 emortuo
826 595 955 641 lacte
979 598 996 625 2
1018 598 1312 658 sanguinem
1332 595 1536 641 lambat.
1606 612 1755 658 quam

283 662 506 707 tabulam
543 662 829 708 Alexander
867 662 1084 724 Magnus
1119 662 1447 708 transtulerat
1482 661 1671 708 Pellam
1704 666 1755 709 in

204 736 254 775 99
287 732 500 790 patriam
541 745 696 774 suam.
766 729 899 774 idem
940 732 1102 791 pinxit
1144 729 1385 790 proelium
1426 745 1538 775 cum
1580 727 1757 785 Persis,

283 803 486 841 centum
522 795 745 841 homines
783 796 956 841 tabula
994 812 1053 841 ea
1089 795 1358 857 conplexus
1394 803 1671 858 pactusque
1707 800 1757 842 in

282 862 499 924 singulos
524 879 663 908 mnas
689 863 842 908 denas
868 879 897 908 a
919 869 1133 925 tyranno
1157 863 1469 908 Elatensium
1495 862 1755 910 Mnasone.

283 932 445 991 pinxit
473 935 525 975 et
551 936 806 975 currentes
835 929 1100 992 quadrigas
1129 936 1181 975 et
1207 929 1570 991 supplicantem
1596 946 1757 992 paene

282 1012 395 1040 cum
439 1012 558 1041 voce
604 1003 656 1041 et
699 1003 961 1041 venatores
1006 1013 1118 1042 cum
1163 1003 1370 1058 captura
1415 1003 1467 1042 et
1511 995 1758 1043 Leontion

283 1062 482 1123 Epicuri
520 1069 571 1108 et
608 1079 1020 1124 anapauomenen
1055 1070 1260 1125 propter
1295 1062 1459 1109 fratris
1496 1065 1757 1118 amorem,³

283 1132 405 1174 item
452 1129 688 1174 Liberum
736 1136 788 1175 et
834 1130 1131 1175 Ariadnen4
1177 1136 1428 1191 spectatos
1475 1130 1663 1176 Romae
1707 1133 1758 1176 in

284 1196 408 1241 aede
458 1195 649 1241 Cereris
698 1197 995 1258 tragoedum
1045 1203 1097 1242 et
1143 1213 1354 1258 puerum
1401 1199 1452 1241 in
1499 1196 1758 1258 Apollinis,

175 1267 250 1307 100
282 1265 418 1307 cuius
469 1263 672 1308 tabulae
721 1266 884 1326 gratia
933 1266 1123 1309 interiit
1171 1266 1371 1324 pictoris
1420 1266 1631 1318 inscitia,
1680 1267 1757 1310 cui

283 1329 580 1390 tergendam
616 1346 726 1374 eam
759 1330 1085 1376 mandaverat
1122 1329 1193 1375 M.
1231 1330 1401 1375 Iunius
1434 1336 1634 1391 praetor
1667 1331 1759 1376 sub

284 1396 364 1441 die
397 1396 625 1441 ludorum
656 1397 1032 1458 Apollinarium.
1101 1403 1329 1458 spectata
1361 1403 1437 1442 est
1469 1404 1522 1443 et
1551 1399 1602 1442 in
1634 1397 1759 1443 aede

285 1462 423 1508 Fidei
458 1466 507 1507 in
543 1463 787 1524 Capitolio
822 1466 950 1509 senis
986 1480 1098 1509 cum
1133 1464 1239 1526 lyra
1272 1479 1483 1524 puerum
1517 1463 1757 1510 docentis.

283 1532 445 1591 pinxit
473 1536 523 1575 et
551 1546 756 1592 aegrum
783 1533 887 1575 sine
915 1530 1012 1576 fine
1038 1530 1297 1576 laudatum
1323 1537 1624 1592 tantumque
1650 1537 1758 1576 arte

283 1595 455 1650 valuit,
496 1603 551 1642 ut
590 1597 792 1642 Attalus
831 1613 919 1642 rex
960 1613 1109 1643 unam
1148 1597 1371 1642 tabulam
1412 1600 1516 1643 eius
1554 1604 1758 1643 centum

283 1662 485 1708 talentis
526 1666 702 1709 emisse
741 1663 984 1709 tradatur.

175 1733 247 1774 101
346 1728 517 1784 Simul,
578 1737 634 1775 ut
693 1730 882 1776 dictum
943 1737 1037 1784 est,
1098 1737 1150 1776 et
1211 1728 1516 1792 Protogenes
1576 1729 1755 1776 floruit.

283 1799 445 1858 patria
476 1799 520 1841 ei
551 1796 767 1851 Caunus,
798 1800 962 1860 gentis
994 1796 1196 1843 Rhodiis
1227 1798 1496 1843 subiectae.
1565 1813 1759 1842 summa

283 1870 552 1925 paupertas
598 1867 739 1909 initio
785 1867 1005 1926 artisque
1051 1880 1243 1910 summa
1288 1866 1502 1910 intentio
1548 1870 1601 1910 et
1645 1863 1758 1910 ideo

344 1959 359 1982 1
388 1973 515 2011 opera
536 1961 572 1998 Β
591 1976 598 1999 :
637 1960 803 2011 pictura
823 1961 906 1999 rell.
928 1976 936 1999 :
975 1961 1047 1999 Zac.
1073 1960 1273 2011 Mayhoff.

343 2013 357 2036 ²
385 2013 495 2052 lacte
508 2014 584 2052 B2:
614 2014 738 2053 flacte
750 2015 829 2053 Bl:
860 2015 1096 2053 factm-ela:
1130 2015 1279 2054 elacte
1297 2013 1507 2065 Mayhoff:
1539 2017 1759 2053 emortuae

290 2069 376 2114 (aut
398 2071 607 2117 emortua)
631 2080 707 2118 pro
730 2068 840 2107 lacte
862 2069 967 2107 coni.
1001 2069 1042 2107 W
1046 2069 1290 2118 arminqton.

344 2120 360 2143 ³
389 2125 563 2171 propter
590 2121 733 2160 fratris
761 2134 951 2160 amorem
978 2134 1107 2171 supra
1131 2127 1226 2171 post
1252 2134 1355 2159 voce
1383 2126 1542 2170 transp.
1578 2119 1755 2166 Urlichs,

291 2173 400 2224 infra
420 2180 514 2223 post
537 2174 751 2213 Ariadnen
777 2175 954 2224 Dilthey.

289 2228 362 2318 sz
380 2232 638 2317 'artamenen
666 2228 730 2266 B:
778 2228 950 2267 arianen
978 2227 1036 2267 cd.
1066 2228 1165 2267 Par.
1195 2228 1287 2266 Lat.
1316 2228 1449 2266 6797:
1496 2226 1757 2266 Artomenen

332 2294 343 2318 2
364 2286 376 2318 t
407 2294 465 2328 ey,

333 2394 350 2410 ‘¹
380 2389 512 2427 'l'herc
534 2403 714 2439 appears
736 2395 781 2427 to
805 2390 854 2428 be
876 2390 1116 2439 something
1138 2390 1222 2427 lost
1244 2389 1352 2427 here.

336 2442 349 2463 '³
380 2443 501 2480 After
522 2443 572 2481 he
593 2443 677 2481 had
698 2443 853 2481 sacked
874 2444 1037 2481 Thebes
1059 2445 1100 2481 in
1122 2445 1199 2482 335
1224 2455 1303 2481 ns.

332 2501 346 2518 ⁰
377 2495 418 2533 lt
439 2497 578 2533 would
603 2497 651 2533 be
673 2509 751 2534 one
773 2498 820 2534 of
837 2497 1114 2535 Alexander-'s
1134 2502 1254 2547 great
1277 2495 1434 2534 battles
1455 2494 1559 2533 with
1580 2494 1747 2533 Darius.

334 2548 350 2570 ‘¹
382 2548 530 2600 Byblis
554 2550 747 2605 perhaps,
774 2550 868 2590 who
891 2550 987 2588 died
1013 2550 1060 2588 of
1077 2550 1173 2587 love
1189 2550 1254 2588 for
1278 2550 1350 2587 her
1374 2548 1547 2587 brother
1569 2548 1752 2588 Caunus.

279 2629 367 2673 334
