1899 3015
578 196 821 242 PLINY:
880 195 1208 242 NATURAL
1251 194 1545 242 HISTORY

219 333 291 371 127
325 325 634 387 intellegitur
694 323 985 386 amplitudo.
1055 323 1187 377 dein,
1248 339 1359 368 cum
1420 338 1609 376 omnes,
1669 337 1798 384 quae

327 398 498 444 volunt
542 401 814 443 eminentia
856 397 1027 449 videri,
1071 396 1349 442 candicanti
1393 395 1579 441 faciant
1621 394 1798 449 colore,

327 488 455 534 quae
493 471 731 525 condunt,
769 473 926 533 nigro,
964 470 1041 516 1110
1079 477 1243 515 toturn
1281 470 1457 514 bovem
1497 471 1590 514 atri
1629 467 1799 514 coloris

327 545 445 590 fecit
462 545 768 606 umbraeque
789 560 963 605 corpus
985 560 1045 588 ex
1067 547 1173 605 ipsa
1189 539 1208 570 1
1229 543 1385 596 dedit,
1403 558 1585 604 magna
1604 557 1800 603 prorsus

328 626 434 664 arte
474 621 522 663 in
564 634 723 679 aequo
764 620 991 662 extantia
1030 616 1329 663 ostendente
1371 622 1423 661 et
1461 617 1510 660 in
1549 613 1800 661 confracto

327 692 481 737 solida
508 694 686 737 omnia.
756 690 965 753 Sicyone
995 697 1046 736 et
1072 689 1150 735 hic
1178 692 1331 734 vitam
1360 691 1481 751 egit,
1509 688 1694 750 diuque
1720 687 1801 733 illa

328 765 422 810 fuit
455 768 617 827 patria
650 767 889 826 picturae.
958 763 1154 809 tabulas
1189 763 1304 808 inde
1339 778 1366 807 e
1400 761 1596 823 publico
1631 777 1800 807 omnes

327 845 531 900 propter
554 854 636 883 aes
661 837 876 882 alienum
900 840 1113 882 civitatis
1138 836 1361 882 addictas
1385 834 1550 880 Scauri
1576 834 1800 880 aedilitas

329 912 536 958 Romam
578 910 848 957 transtulit.

222 992 294 1030 128
389 983 507 1031 Post
547 1001 662 1031 eum
710 987 919 1030 eminuit
958 983 1103 1046 longe
1144 990 1261 1028 ante
1300 998 1471 1028 omnes
1511 980 1803 1043 Euphranor

330 1058 566 1104 Isthmius
614 1058 896 1121 olympiade
944 1073 1070 1111 c1111,
1118 1057 1250 1103 idem
1299 1058 1382 1118 qui
1431 1058 1562 1101 inter
1609 1054 1802 1101 fictores

329 1132 490 1178 dictus
522 1139 598 1178 est
634 1133 788 1177 nobis.
859 1130 978 1176 fecit
1015 1137 1067 1176 et
1103 1130 1312 1176 colossos
1351 1135 1402 1174 et
1438 1144 1715 1174 marmorea
1751 1137 1803 1176 et

331 1212 477 1269 typos
494 1206 512 1234 2
537 1205 754 1267 scalpsit,
782 1204 949 1250 docilis
977 1220 1032 1249 ac
1052 1204 1321 1249 laboriosus
1349 1209 1467 1248 ante
1487 1218 1658 1247 omnes
1679 1209 1731 1248 et
1755 1205 1803 1248 in

329 1295 643 1341 quocumque
686 1294 870 1341 genere
916 1277 1161 1323 excellens
1200 1294 1255 1322 ac
1291 1277 1380 1322 sibi
1425 1275 1658 1337 aequalis.
1728 1275 1803 1322 hic

330 1356 514 1414 primus
567 1352 764 1398 videtur
817 1354 1116 1413 expressisse
1169 1351 1441 1413 dignitates
1494 1348 1699 1395 heroum
1753 1357 1803 1395 et

330 1442 592 1488 usurpasse
658 1428 1000 1488 symmetrian,
1067 1425 1154 1470 sed
1221 1423 1315 1469 fuit
1372 1426 1421 1468 in
1480 1425 1803 1468 universitate

331 1516 589 1561 corporum
630 1499 802 1546 exilior
839 1506 891 1544 et
928 1499 1173 1560 capitibus
1207 1496 1525 1558 articulisque
1557 1497 1803 1558 grandior.

222 1578 297 1617 129
330 1573 578 1619 volumina
617 1589 816 1635 quoque
856 1574 1133 1633 composuit
1173 1571 1235 1617 de
1272 1572 1564 1633 symmetria
1597 1577 1648 1614 et
1680 1569 1799 1615 colo-

329 1647 477 1692 ribus.
544 1663 695 1708 opera
735 1649 838 1692 eius
877 1652 993 1691 sunt
1033 1651 1264 1707 equestre
1303 1642 1561 1705 proelium,
1599 1657 1669 1687 xn
1709 1642 1805 1697 dei,

331 1719 569 1774 Theseus,
613 1723 663 1764 in
707 1719 840 1781 quod
884 1719 1010 1765 dixit
1055 1718 1269 1764 eundem
1315 1716 1447 1778 apud
1493 1714 1803 1761 Parrhasium

333 1809 441 1838 rosa
486 1800 685 1855 pastum
732 1809 856 1847 0550,
902 1809 1045 1838 51111111
1091 1807 1206 1837 vero
1251 1806 1413 1836 carne.
1483 1789 1656 1835 nobilis
1703 1793 1805 1834 eius

331 1866 503 1912 tabula
542 1866 727 1928 Ephesi
770 1873 863 1919 est,
910 1865 1083 1912 Ulixes
1130 1863 1361 1910 simulata
1401 1866 1589 1908 insania
1628 1863 1803 1908 bovem

332 1956 444 1985 cum
469 1956 597 2002 equo
620 1943 830 2002 iungens
856 1946 907 1985 et
929 1938 1118 2001 palliati
1142 1940 1438 2000 cogitantes,
1462 1936 1562 1982 dux
1585 1935 1804 1999 gladium

333 2014 563 2060 condens.

608 2120 621 2143 ¹
658 2120 734 2159 V.l.
755 2121 861 2171 ipso.
1049 2121 1064 2144 2
1095 2118 1277 2169 scyphos
1299 2117 1358 2156 ccl.
1381 2118 1479 2156 Par.
1503 2118 1620 2156 6801.

394 2213 411 2231 ⁰
441 2207 568 2257 Pliny
586 2207 772 2257 perhaps
787 2220 934 2246 means
959 2206 1058 2245 that
1082 2208 1125 2245 in
1150 2207 1261 2256 spite
1285 2205 1333 2244 of
1352 2206 1533 2256 varying
1556 2207 1586 2253 (⁶
1602 2204 1761 2243 broken
1777 2204 1805 2251 ⁹)

343 2264 463 2299 101105
484 2261 531 2299 of
550 2261 686 2306 black,
708 2261 763 2300 all
784 2261 858 2299 the
879 2260 1004 2299 black
1024 2260 1144 2299 looks
1165 2259 1285 2298 solid.

396 2314 411 2337 ὸ
440 2315 514 2353 Le.
546 2315 653 2353 later
683 2315 788 2353 than
820 2316 864 2352 P.
926 2314 1012 2352 But
1042 2313 1126 2352 this
1157 2314 1190 2351 is
1221 2326 1376 2363 wrong.
1438 2311 1596 2362 Pliny’s
1627 2311 1806 2350 mistake

339 2367 413 2405 has
446 2368 549 2406 been
581 2368 725 2407 traced
757 2373 803 2406 to
835 2367 898 2406 his
929 2367 1150 2406 confusion
1183 2367 1230 2404 of
1256 2367 1328 2405 the
1360 2371 1445 2404 two
1476 2366 1622 2404 artists
1653 2365 1804 2403 named

338 2421 556 2459 Aristides.
617 2422 677 2460 Cf.
704 2421 747 2471 §§
770 2423 832 2466 75,
863 2423 950 2467 108,
980 2422 1051 2460 111
1075 2421 1160 2459 and
1181 2423 1283 2459 note
1303 2432 1357 2458 on
1378 2432 1448 2471 pp.
1469 2420 1641 2459 410-11.

393 2480 406 2495 ⁶
441 2475 472 2512 F
477 2476 614 2524 ingers
635 2474 719 2513 and
741 2478 864 2513 toes?

384 2525 401 2548 ‘¹
437 2529 583 2566 Which
614 2528 817 2578 preceded
848 2528 919 2566 1110
950 2527 1087 2566 battle
1116 2527 1164 2565 of
1188 2527 1421 2572 Mantinea,
1453 2527 1532 2565 362
1564 2537 1645 2564 B.C.
1705 2524 1805 2563 This

336 2608 421 2653 354
