1899 3015
579 234 819 279 PLINY:
877 233 1203 280 NATURAL
1248 233 1540 279 HISTORY

323 364 442 408 cinis
486 368 655 407 autem
700 364 795 407 usti
840 362 901 406 ad
946 366 1196 422 serpentia
1240 362 1403 407 ulcera
1446 368 1531 406 aut
1575 360 1787 414 sordida,

325 429 601 490 eademque
659 444 786 489 quae
843 427 1023 473 chartis
1044 427 1061 456 1
1120 430 1246 473 ratio
1301 426 1566 489 profectus.
1635 430 1793 473 uritur

329 502 498 541 autem
535 498 584 540 in
619 497 799 556 patinis
834 510 923 556 per
958 494 1144 539 lamnas
1180 497 1394 540 minutas
1429 511 1542 540 cum
1577 494 1793 555 sulpure,

325 569 575 607 versatum
603 562 807 607 rudibus
835 560 1006 606 ferreis
1035 568 1121 606 aut
1148 560 1424 615 ferulaceis‚
1451 561 1608 607 donec
1635 560 1793 622 liquor

326 635 552 674 mutetur
590 631 638 672 in
679 631 923 681 cinerem3
981 628 1095 673 dein
1136 627 1487 689 refrigeratum
1526 630 1706 673 teritur
1744 630 1792 671 in

325 695 550 740 farinam.
619 693 696 739 alii
723 695 974 739 elimatam
998 695 1195 739 scobem
1218 697 1267 739 in
1288 694 1422 740 fictili
1444 694 1595 740 crudo
1617 700 1794 739 cocunt

325 765 373 807 in
435 763 653 816 caminis,
714 761 871 806 donec
932 768 1262 822 percoquatur
1324 760 1560 823 figlinum.
1643 759 1790 822 aliqui

326 844 574 874 cerussam
630 827 906 873 admiscent
961 831 1065 889 pari
1121 844 1355 873 mensura
1410 834 1498 873 aut
1552 826 1794 873 hordeum

325 902 596 956 teruntque
636 901 693 939 ut
731 897 780 939 in
820 894 1010 939 crudo2
1049 894 1238 940 dictum
1279 901 1371 949 est,
1413 901 1464 940 et
1503 892 1794 955 praeferunt

325 965 392 1007 sic
415 961 673 1023 plumbum
697 961 866 1022 spodio
891 961 1085 1023 Cyprio.

219 1034 291 1072 171
393 1028 476 1074 LI.
513 1028 678 1074 Scoria
697 1043 894 1089 quoquc
913 1028 1102 1089 plumbi
1121 1030 1169 1072 in
1189 1044 1280 1073 usu
1301 1034 1391 1073 est.
1461 1029 1649 1089 optima
1668 1042 1795 1088 quae

328 1098 543 1140 maxime
591 1094 654 1140 ad
699 1094 892 1140 luteum
939 1094 1152 1140 colorem
1201 1094 1411 1148 accedit,
1458 1097 1562 1139 sine
1608 1093 1794 1155 plumbi

326 1161 542 1223 reliquiis
568 1168 655 1207 aut
679 1161 905 1222 sulpuris,
931 1164 1093 1222 specie
1119 1168 1282 1206 terrae
1305 1161 1324 1190 3
1350 1176 1535 1206 carens.
1604 1160 1797 1205 lavatur

327 1227 449 1273 haec
474 1232 522 1274 in
548 1231 791 1273 mortariis
817 1231 1047 1273 minutim
1068 1228 1241 1281 fracta,
1267 1228 1424 1273 donec
1452 1243 1581 1289 aqua
1605 1227 1795 1272 luteum

328 1295 540 1340 colorem
594 1294 780 1349 trahat,
836 1302 888 1340 et
942 1294 1307 1340 transfunditur
1360 1297 1408 1339 in
1464 1310 1546 1340 vas
1600 1310 1796 1355 purum,

330 1362 479 1423 idque
506 1364 718 1423 saepius,
744 1377 901 1423 usque
928 1362 1047 1407 dum
1074 1361 1298 1407 subsidat
1324 1360 1456 1423 quod
1481 1360 1796 1406 utilissimum

330 1435 420 1473 est.
491 1427 694 1474 effectus
746 1427 900 1473 habet
953 1428 1153 1474 eosdem
1206 1444 1326 1490 quos
1378 1427 1658 1489 plumbum,
1710 1426 1797 1473 sed

330 1498 553 1540 acriores.
622 1498 886 1556 mirarique
925 1498 1164 1540 succurrit
1204 1497 1563 1556 experientiam
1586 1493 1607 1523 4
1645 1496 1796 1547 vitae,

329 1578 391 1607 ne
417 1561 554 1606 faece
581 1562 782 1623 quidem
807 1578 971 1607 rerum
998 1568 1528 1623 excrementorumque
1553 1559 1797 1607 foeditate

329 1632 631 1689 intemptata
653 1635 731 1674 tot
752 1629 923 1674 modis.

223 1700 296 1738 172
402 1695 511 1740 LII.
550 1695 629 1740 Fit
659 1702 711 1740 et
739 1695 965 1757 spodium
996 1711 1056 1740 ex
1086 1695 1289 1756 plumbo
1319 1694 1496 1740 eodem
1524 1693 1671 1740 modo
1700 1709 1797 1755 quo

335 1777 395 1806 ex
422 1761 602 1824 Cyprio
628 1777 770 1816 aere3
809 1762 1002 1807 lavatur
1035 1765 1085 1806 in
1110 1761 1273 1806 linteis
1299 1764 1417 1806 raris
1443 1777 1573 1823 aqua
1597 1760 1794 1806 caelesti

332 1835 690 1890 separaturque
761 1835 1015 1874 terrenum
1085 1827 1444 1882 transfusione3
1531 1828 1798 1873 cribratum

332 1898 525 1940 teritur.
596 1895 799 1957 quidam
861 1895 1113 1957 pulverem
1177 1911 1290 1940 eum
1350 1897 1511 1956 pinnis
1572 1894 1798 1956 digerere

331 1962 524 2007 malunt
549 1978 604 2007 ac
629 1969 792 2007 terere
817 1965 866 2007 in
892 1965 1003 2008 vino
1028 1962 1247 2008 odorato.

571 2109 585 2132 ¹
617 2108 852 2147 chalcitidis
875 2110 980 2147 coni.
1008 2108 1209 2158 Maylzosf.

571 2162 585 2184 2
613 2163 656 2200 in
678 2162 806 2201 crudo
826 2162 914 2202 cdd.
935 2178 943 2201 ε
981 2175 1109 2213 supra
1129 2162 1234 2202 coni.
1255 2162 1311 2201 K.
1335 2162 1380 2202 O.
1403 2161 1561 2213 Bailey.

571 2216 586 2238 ³
616 2216 751 2267 specie
776 2220 912 2254 terrae
937 2216 1000 2253 B:
1043 2221 1086 2254 et
1111 2220 1221 2254 terra
1246 2216 1329 2254 rell.

572 2270 586 2291 ‘¹
616 2270 876 2320 experientia
898 2269 946 2307 Β.

384 2463 401 2533 Ξ
429 2458 512 2549 ἓξὲξ
528 2457 865 2560 §tlie75medicinal
892 2470 964 2496 use
992 2457 1040 2496 of
1063 2456 1193 2495 burnt
1219 2469 1407 2508 papyrus
1434 2469 1500 2495 see
1530 2455 1692 2501 XXIV,
1721 2456 1782 2493 88.

389 2570 402 2587 ⁶
431 2564 554 2602 Some
577 2563 678 2602 kind
701 2563 749 2602 of
765 2563 956 2615 litharge.

336 2653 423 2698 250
