1899 3015
598 188 830 235 PLINY:
885 187 1212 235 NATURAL
1260 188 1553 236 HISTORY

340 315 604 379 Olympiae
653 320 813 361 aureis
863 316 1041 362 litteris
1090 319 1139 361 in
1188 316 1445 377 palliorum
1495 320 1693 363 tesseris
1741 320 1810 363 in-

340 390 536 428 textum
595 399 775 429 nomen
832 400 973 428 suum
1031 390 1326 428 ostentaret.
1397 390 1571 444 postea
1627 384 1810 430 donare

340 466 489 511 opera
531 466 620 495 sua
660 453 895 503 instituit,
939 450 1070 511 quod
1114 449 1246 495 nullo
1289 453 1449 511 pretio
1495 453 1614 496 satis
1661 451 1811 513 digno

340 513 651 578 permutari1
696 532 838 578 posse
882 517 1088 570 diceret,
1132 519 1275 562 sicuti
1319 515 1611 562 Alcmenam
1655 518 1812 580 Agra-

256 590 307 629 63
339 586 573 646 gantinis,
626 581 761 628 Pana
811 582 1069 629 Archelao.
1138 582 1258 628 fecit
1308 589 1360 628 et
1411 581 1712 645 Penelopen,
1761 587 1811 630 in

339 666 436 711 qua
474 653 690 711 pinxisse
727 666 887 695 mores
932 650 1144 704 videtur,
1182 656 1234 695 et
1271 648 1542 705 athletam3
1585 650 1810 713 adeoque

340 719 388 761 in
419 716 500 762 illo
531 717 622 762 sibi
653 716 856 778 placuit,
888 723 944 762 ut
974 732 1170 762 versum
1200 716 1534 762 subscriberet
1563 716 1810 763 celebrem

339 799 400 828 ex
432 799 508 837 eo,
538 786 806 829 invisurum
838 783 1053 844 aliquem
1084 782 1272 828 facilius
1303 799 1452 844 quam
1482 786 1808 830 imitaturum.

338 849 627 912 magnificus
655 849 730 895 est
758 857 809 895 et
838 850 1063 911 Iuppiter
1089 852 1192 895 eius
1218 852 1267 894 in
1293 849 1471 895 throno
1497 849 1810 897 adstantibus

337 917 428 962 diis
479 923 531 962 et
582 916 822 962 Hercules
872 915 1032 962 infans
1082 916 1319 962 dracones
1371 916 1447 961 112
1495 916 1810 979 strangulans

339 982 579 1028 Alcmena
629 990 790 1029 matre
841 999 1005 1029 coram
1055 989 1272 1045 pavente
1324 989 1374 1028 et
1427 982 1807 1046 Amphitryone.

254 1056 304 1094 64
339 1049 721 1111 reprehenditur
781 1057 952 1095 tamen
1013 1048 1103 1095 ceu
1164 1049 1396 1112 grandior
1456 1052 1505 1094 in
1565 1051 1809 1112 capitibus

338 1116 673 1178 articulisque,
733 1116 914 1177 alioqui
975 1123 1144 1162 tantus
1204 1115 1480 1178 diligentia,
1539 1123 1596 1162 ut
1653 1117 1810 1179 Agra—

337 1186 553 1245 gantinis
588 1182 808 1228 facturus
842 1183 1083 1237 tabulam,
1118 1199 1267 1244 quam
1302 1185 1351 1227 in
1385 1182 1574 1244 templo
1610 1183 1808 1230 Iunonis

340 1250 571 1295 Laciniae
600 1250 795 1311 publice
824 1250 1065 1303 dicarent,
1094 1252 1368 1310 inspexerit
1397 1252 1610 1312 virgines
1640 1266 1809 1297 eorum

339 1316 494 1362 nudas
522 1323 573 1362 et
599 1319 819 1378 quinque
848 1317 1074 1378 elegerit,
1101 1323 1157 1361 ut
1183 1317 1316 1378 quod
1341 1319 1390 1360 in
1417 1332 1615 1378 quaque
1641 1316 1808 1363 lauda-

337 1385 579 1428 tissimum
623 1390 754 1429 esset
796 1386 990 1444 pictura
1030 1383 1278 1428 redderet.
1347 1385 1509 1444 pinxit
1550 1390 1602 1428 et
1641 1400 1807 1430 mono-

336 1449 591 1495 chromata
633 1466 693 1495 ex
737 1450 862 1495 albo.
933 1450 1166 1511 aequales
1209 1453 1312 1494 eius
1355 1456 1405 1495 et
1447 1449 1626 1495 aemuli
1669 1450 1807 1496 fuere

336 1516 643 1569 Timanthes,
715 1517 1056 1579 Androcydes,
1127 1516 1433 1577 Eupompus,
1504 1514 1804 1563 Parrhasius.

252 1589 303 1625 65
337 1583 650 1629 descendisse
690 1582 766 1628 hic
806 1587 853 1628 in
892 1590 1146 1628 certamen
1185 1599 1296 1628 cum
1336 1583 1555 1628 Zeuxide
1593 1584 1807 1630 traditur

338 1657 406 1703 et,
435 1666 546 1695 cum
574 1650 655 1695 ille
684 1650 947 1696 detulisset
975 1666 1092 1695 uvas
1121 1652 1278 1710 pictas
1307 1656 1449 1694 tanto
1477 1666 1721 1705 successu,
1750 1658 1806 1696 ut

337 1720 383 1761 in
421 1733 650 1762 scaenam
689 1733 801 1762 aves
840 1716 1144 1770 advolarent,
1182 1719 1286 1778 ipse
1324 1716 1560 1762 detulisse
1597 1716 1804 1763 linteum

337 1786 523 1844 pictum
558 1786 627 1829 ita
660 1786 871 1829 veritate
904 1790 1299 1845 repraesentata,
1333 1789 1389 1828 ut
1420 1783 1598 1829 Zeuxis
1631 1783 1804 1829 alitum

337 1850 515 1896 iudicio
573 1858 771 1896 tumens
830 1850 1082 1912 flagitaret
1139 1851 1345 1895 tandem
1402 1856 1594 1896 remoto
1652 1849 1804 1897 linteo

403 1929 415 1951 ¹
447 1930 678 1980 permutari
701 1930 767 1968 B?
789 1946 797 1968 ι
838 1934 1080 1980 permutare
1102 1930 1184 1968 rell.

399 1983 413 2005 2
442 1983 644 2021 dracones
661 1995 692 2021 11
712 1983 905 2034 Mayhoff
915 1999 922 2022 :
946 1983 1173 2022 draconem
1187 1983 1247 2022 B:
1271 1982 1474 2022 dracones
1487 1982 1546 2022 cd.
1561 1983 1659 2022 Par.
1675 1984 1775 2023 6801
1794 1999 1802 2022 :

340 2036 542 2075 dracones
565 2037 607 2075 in
630 2037 714 2075 rell.

387 2130 404 2147 ‘¹
437 2125 550 2174 King
573 2125 621 2163 of
638 2125 887 2163 Macedonia
909 2126 1096 2164 413—399
1121 2136 1201 2164 B.C.

391 2178 406 2202 ⁶
436 2176 696 2227 Μωμήσεταί
714 2195 774 2220 τις
793 2178 948 2227 μᾶλλον
970 2177 993 2228 ἢ
1015 2178 1248 2228 μιμήσεται.

387 2237 401 2254 ⁰
429 2231 605 2282 Fingers
626 2231 711 2270 and
733 2236 858 2271 toes?

383 2283 401 2308 ἀ
432 2285 697 2336 Apparently
712 2298 737 2323 a
754 2285 763 2301 ‘
777 2285 909 2323 Helen
929 2284 997 2333 (cf.
1020 2286 1038 2333 §
1058 2285 1156 2333 66),'
1177 2285 1351 2335 painted
1367 2285 1409 2322 in
1431 2285 1517 2324 fact
1537 2286 1601 2323 for
1621 2285 1693 2323 the
1714 2287 1799 2336 city

329 2339 376 2376 of
387 2339 543 2377 Croton
561 2339 660 2388 (Cic.
680 2339 739 2377 De
755 2338 916 2377 Inveni.
935 2338 991 2383 ΙΙ,
1013 2341 1046 2385 1,
1068 2341 1083 2377 1
1101 2354 1110 2383 ;
1142 2338 1317 2389 Dionys.
1336 2338 1449 2384 Hal„
1467 2339 1526 2377 De
1551 2339 1633 2377 l'el.
1649 2338 1797 2389 Script.

333 2392 693 2496 GeygApparently
712 2445 930 2495 paintings
951 2446 992 2483 in
1013 2445 1107 2496 pale
1128 2444 1293 2483 colours
1313 2457 1367 2482 on
1387 2457 1412 2482 a
1431 2444 1537 2483 dark
1557 2445 1734 2495 ground.

381 2499 398 2529 f
424 2499 511 2537 The
534 2500 717 2549 pictures
736 2511 840 2537 were
860 2499 973 2548 hung
992 2512 1045 2536 on
1065 2498 1136 2536 the
1155 2498 1270 2536 front
1287 2498 1335 2536 of
1358 2498 1431 2536 the
1449 2504 1567 2549 stage
1587 2499 1799 2549 buildings

332 2553 373 2590 in
396 2552 467 2590 the
491 2552 668 2590 theatro.

330 2609 418 2667 308
