1899 3015
570 222 812 268 PLINY:
869 221 1196 268 NATURAL
1239 221 1532 268 HISTORY

320 350 584 411 generibus
598 347 720 394 haec
735 356 850 394 sunt
865 351 1084 394 nomina:
1115 347 1436 403 Ovetanum,l
1448 348 1786 410 Caprariense,

325 416 662 470 Oleastrcnse,
688 431 779 460 nec
804 415 1081 461 differentia
1110 415 1207 461 ulla
1232 418 1386 461 scoria
1410 415 1556 461 modo
1583 423 1787 462 excocta

325 482 604 545 diligenter.
673 485 850 527 mirum
886 485 935 527 in
968 481 1040 527 his
1075 482 1186 528 solis
1219 481 1449 536 metallis,
1483 483 1613 544 quod
1647 482 1787 528 dere-

215 556 289 594 165
323 549 437 594 licta
466 549 673 594 fertilius
702 551 1025 594 revivescunt.
1087 548 1176 594 hoc
1205 548 1400 594 videtur
1419 547 1581 594 facere
1608 548 1785 595 laxatis

214 1223 288 1260 166

214 1820 286 1859 167

323 618 636 677 spiramentis
685 615 747 661 ad
795 618 1083 660 satietatem
1139 614 1325 661 infusus
1375 621 1474 669 aer,
1524 631 1682 678 aeque
1730 622 1786 661 ut

324 682 531 727 feminas
559 682 798 743 quasdam
823 681 1131 727 fecundiores
1157 681 1320 727 facere
1347 683 1562 728 abortus.
1630 698 1787 744 nuper

323 749 369 794 id
396 756 689 810 conpertum
722 752 771 794 in
796 748 999 794 Baetica
1024 748 1343 794 Salutariensi
1364 748 1382 777 2
1408 748 1628 803 metallo,
1654 749 1785 810 quod

323 816 466 861 locari
506 815 704 861 solitum
744 816 782 861 Χ
810 820 867 861 ’(ῑῖῑ
890 816 909 844 3
944 818 1135 868 annuis,
1166 822 1430 877 postquam
1466 815 1785 861 obliteratum

321 890 445 935 erat,
475 883 512 928 Χ
541 900 655 931 (ζειν
673 882 692 910 4
719 881 934 928 locatum
956 889 1045 927 est.
1115 882 1257 927 simili
1281 882 1428 928 modo
1447 882 1786 928 Antonianum

322 952 369 993 in
396 949 572 994 eadem
595 951 844 1010 provincia
865 952 970 1011 pari
992 948 1235 994 locatione
1259 952 1485 1010 pervenit
1508 949 1570 995 ad
1594 964 1652 994 Hs
1673 954 1785 996 ’ἑῇ

322 1015 590 1077 vectigalis.
659 1018 838 1061 mirum
885 1022 937 1061 et
983 1015 1154 1061 addita
1199 1032 1328 1077 aqua
1372 1032 1468 1061 non
1515 1015 1785 1077 liquescere

324 1099 437 1127 vasa
456 1099 481 1127 e
501 1082 721 1144 plumbo,
739 1082 933 1136 eadem,
950 1085 987 1127 si
1007 1085 1057 1127 in
1077 1098 1257 1144 aquam
1274 1082 1292 1110 5
1309 1082 1557 1128 addantur
1571 1082 1784 1129 calculus

322 1149 397 1195 vel
423 1165 596 1195 aereus
622 1149 885 1211 quadrans,
909 1151 1088 1210 peruri.

335 1244 340 1248 -
386 1215 441 1261 L.
480 1215 537 1261 In
598 1216 844 1262 medicina
890 1231 979 1277 per
1025 1232 1077 1261 se
1138 1215 1324 1276 plumbi
1374 1231 1488 1261 usus
1535 1218 1785 1262 cicatrices

324 1285 591 1344 reprimere
625 1282 1003 1345 adalligatisque
1036 1282 1313 1328 lumborum
1349 1289 1401 1327 et
1432 1285 1623 1327 renium
1656 1285 1783 1344 parti

324 1348 496 1394 lamnis
543 1348 793 1412 frigidiore
846 1356 1024 1394 natura
1076 1348 1297 1394 inhibere
1350 1351 1547 1410 inpetus
1594 1352 1784 1395 veneris

324 1418 524 1477 visaque
549 1419 597 1460 in
623 1419 792 1478 quiete
817 1419 1015 1461 veneria
1039 1423 1215 1477 sponte
1240 1422 1448 1461 naturae
1473 1419 1785 1478 erumpentia

323 1498 478 1543 usque
525 1485 573 1527 in
618 1499 775 1545 genus
820 1483 992 1528 morbi.
1061 1482 1134 1527 his
1181 1482 1353 1528 lamnis
1399 1482 1576 1528 Calvus
1620 1489 1785 1528 orator

321 1548 595 1595 cohibuisse
639 1566 690 1595 se
734 1550 947 1595 traditur
989 1552 1213 1611 viresque
1257 1552 1468 1610 corporis
1510 1549 1784 1595 studiorum

324 1616 473 1661 labori
517 1617 803 1662 custodisse.
875 1617 1022 1670 Nero,
1065 1619 1296 1678 quoniam
1338 1619 1409 1661 ita
1450 1615 1635 1677 placuit
1675 1616 1782 1670 diis,

321 1686 565 1744 princeps,
617 1682 781 1728 lamna
834 1685 1020 1744 pectori
1074 1686 1287 1744 inposita
1338 1683 1428 1728 sub
1482 1699 1541 1728 ea
1592 1685 1784 1728 cantica

324 1749 603 1794 exclamans
648 1750 835 1795 alendis
879 1751 1077 1795 vocibus
1120 1750 1478 1795 demonstravit
1521 1752 1779 1795 rationem.

322 1819 549 1877 coquitur
590 1816 652 1862 ad
700 1816 974 1862 medicinae
1016 1833 1131 1862 usus
1178 1819 1359 1877 patinis
1402 1816 1630 1861 fictilibus
1671 1817 1782 1862 sub-

322 1889 477 1928 strato
528 1883 726 1945 sulpure
777 1886 986 1937 minuto,
1036 1882 1209 1928 lamnis
1260 1885 1500 1944 impositis
1550 1883 1782 1929 tenuibus

382 1978 395 2001 1
429 1978 672 2017 Ovetanum
694 1978 916 2018 Hardouin
936 1994 943 2017 :
985 1979 1234 2017 iovetanum
1257 1978 1320 2017 B:
1362 1978 1631 2017 iovetantum
1654 1979 1737 2018 rell.

382 2032 396 2054 ²
425 2032 702 2071 Salutariensi
736 2033 841 2071 coni.
879 2032 1095 2082 Maylzoff:
1149 2032 1395 2071 samariensi
1428 2032 1492 2071 B:
1545 2034 1779 2071 santarensi

324 2091 395 2123 acet
420 2086 668 2125 samiarenci
694 2092 765 2125 aut
790 2086 1091 2124 saremianensi
1116 2086 1199 2124 rell.

379 2139 394 2161 ³
424 2136 476 2179 ’ὅὸ
515 2139 623 2178 Ian:
671 2151 737 2179 cc.
769 2140 825 2178 M.
857 2139 916 2178 ccl.
949 2139 1061 2178 Laid.
1109 2139 1237 2185 Voss„
1276 2138 1334 2178 cd.
1373 2138 1484 2178 Flor.
1525 2138 1655 2177 Ricc.²
1684 2141 1780 2189 (ccc

324 2191 475 2242 Riccst)
495 2205 502 2228 :
533 2204 584 2231 cc
608 2193 690 2231 rell.

380 2245 396 2268 ⁴
430 2251 462 2280 x
491 2259 603 2288 (3ch
626 2245 843 2296 Mayhoff:
888 2246 1001 2284 varia
1023 2245 1109 2284 cdd.
1131 2251 1166 2284 ec
1186 2245 1272 2285 edd.

382 2298 397 2321 ⁵
426 2298 468 2337 in
489 2312 646 2349 aquarn
668 2299 713 2338 C.
731 2299 780 2337 F.
807 2300 863 2338 W.
884 2300 1058 2338 Milller:
1091 2300 1179 2338 sine
1200 2311 1312 2349 aqua
1332 2298 1388 2338 K.
1411 2298 1457 2338 O.
1475 2298 1642 2348 Bailey:
1673 2298 1778 2338 coni.

325 2351 519 2403 Mayhoff
535 2366 630 2392 cum
657 2366 781 2402 aqua.

368 2466 383 2483 ⁰
414 2460 501 2499 Not
528 2465 633 2499 true.
694 2459 749 2500 K.
775 2460 818 2500 C.
845 2460 990 2511 Bailey
1019 2466 1208 2511 suggests
1228 2461 1266 2499 si
1290 2461 1378 2500 sine
1401 2473 1508 2510 aqua
1534 2460 1618 2499 and
1644 2464 1778 2499 trans-

312 2514 416 2552 lates
438 2514 447 2529 ‘
467 2527 491 2552 a
513 2514 607 2552 hole
628 2515 661 2553 is
683 2514 812 2552 burnt
832 2514 874 2552 in
895 2514 968 2553 the
988 2527 1103 2553 same
1126 2514 1279 2553 vessels
1299 2514 1335 2552 if
1351 2514 1461 2551 filled
1486 2514 1586 2552 with
1608 2513 1779 2565 pebbles

311 2580 357 2605 or
379 2579 534 2618 (Upper
555 2568 671 2606 coins
693 2567 858 2606 instead
881 2568 929 2606 of
946 2567 1104 2606 watcr.’

318 2633 404 2688 246
