1899 3015
239 591 309 628 171

246 1323 319 1361 172

600 210 843 256 PLINY:
900 210 1227 256 NATURAL
1270 209 1564 257 HISTORY

349 317 536 371 sabulo,
567 316 783 362 masculo
814 323 965 362 certe.
1035 316 1290 379 finguntur
1319 319 1508 378 optime
1539 332 1670 371 vere,
1701 332 1812 361 nam

349 384 559 429 solstitio
620 386 782 429 rimosi
846 383 985 428 flunt.
1056 383 1287 428 aedificiis
1349 399 1446 428 non
1508 385 1597 428 nisi
1659 383 1814 429 bimos

349 452 589 512 probant3
632 453 750 511 quin
771 449 787 478 1
814 457 865 495 et
889 453 1112 495 intritam
1137 453 1293 511 ipsam
1320 465 1506 502 eorum,
1531 452 1813 511 priusquam

350 519 615 579 fingantur,
655 519 890 562 macerari
929 523 1141 578 oportet.

411 585 607 630 Genera
656 600 824 629 eorum
870 583 1033 628 fiunt2
1076 586 1198 628 tria:
1251 582 1499 636 didoron,3
1542 598 1640 644 quo
1687 582 1808 628 nos⁴

350 654 551 704 utimur,
578 650 780 712 longum
805 650 1172 711 sesquipedem,
1198 649 1355 695 latum
1380 649 1578 711 pedem,
1604 648 1814 694 alterum

348 717 655 770 tetradoron,
687 719 893 762 tertium
924 716 1249 778 pentadoron.
1320 716 1496 761 Graeci
1529 718 1660 760 enim
1691 718 1814 761 anti-

350 787 432 845 qui
462 780 625 846 ὁῶρον
660 783 880 845 palmum
909 784 1153 829 vocabant
1191 789 1242 829 et
1278 782 1390 828 ideo
1422 778 1561 844 δῶρα
1592 797 1816 836 munera,

349 854 465 912 quia
502 867 651 895 manu
689 850 954 903 darentur3
1011 866 1128 912 ergo
1167 866 1195 894 a
1233 855 1470 911 quattuor
1508 855 1560 894 et
1597 851 1815 910 quinque

350 917 541 979 palmis,
570 924 716 979 prout
745 924 878 970 sunt,
906 920 1238 962 nominantur.
1311 915 1488 961 eadem
1518 922 1595 961 est
1623 921 1675 961 et
1706 914 1815 961 lati-

350 984 487 1030 tudo.
556 986 743 1029 minore
781 986 982 1044 privatis
1020 984 1267 1044 operibus,
1304 985 1489 1028 maiore
1526 985 1575 1027 in
1611 981 1816 1044 publicis

350 1057 560 1096 utuntur
587 1054 637 1095 in
667 1050 890 1096 Graecia.
961 1048 1167 1095 Pitanae
1198 1053 1247 1094 in
1276 1050 1395 1095 Asia
1425 1056 1477 1095 et
1504 1051 1554 1094 in
1584 1048 1815 1094 ulteriore

350 1118 590 1179 Hispania
613 1118 895 1163 civitatibus
923 1116 1147 1162 Maxilua
1172 1123 1222 1162 et
1247 1116 1407 1162 Callet
1426 1117 1444 1145 5
1470 1115 1596 1161 fiunt
1618 1115 1815 1170 lateres,

351 1187 435 1246 qui
475 1187 642 1230 siccati
684 1201 781 1229 non
822 1190 1118 1245 merguntur
1156 1186 1206 1228 in
1248 1199 1391 1244 aqua.
1460 1189 1575 1228 sunt
1617 1185 1748 1228 enim
1789 1198 1815 1227 e

350 1258 482 1296 terra
550 1254 818 1312 pumicosa,
885 1268 997 1295 cum
1064 1250 1223 1312 subigi
1290 1255 1475 1311 potest,
1543 1249 1813 1294 utilissima.

353 1318 546 1372 Graeci,
577 1324 930 1379 praeterquam
961 1317 1044 1362 ubi
1077 1333 1103 1362 e
1135 1317 1267 1361 silice
1299 1316 1402 1361 fieri
1433 1322 1632 1378 poterat
1662 1322 1815 1361 struc-

350 1392 480 1439 tura,
547 1384 789 1430 latericios
856 1387 1072 1445 parietes
1139 1383 1435 1445 praetulere.
1504 1389 1619 1428 sunt
1686 1385 1815 1427 enim

352 1454 560 1504 aeterni,
591 1454 628 1496 si
661 1451 723 1496 ad
753 1450 1162 1512 perpendiculum
1193 1450 1329 1495 fiant.
1397 1449 1509 1495 ideo
1541 1456 1592 1494 et
1622 1449 1817 1510 publica

351 1534 501 1579 opera
527 1525 577 1563 et
602 1521 762 1580 regias
787 1518 956 1563 domos
982 1520 1048 1562 sic
1073 1524 1326 1562 struxere:
1368 1533 1564 1561 murum
1588 1515 1816 1569 Athenis,

353 1588 435 1646 qui
482 1585 544 1630 ad
589 1592 811 1630 montem
858 1585 1160 1647 Hymettum
1205 1590 1417 1645 spectat,
1463 1581 1621 1628 Patris
1667 1582 1815 1628 aedes

355 1652 479 1696 Iovis
531 1658 582 1696 et
633 1651 874 1705 Herculis,
925 1654 1146 1712 quamvis
1196 1650 1415 1711 lapideas
1464 1649 1714 1694 columnas
1765 1656 1816 1695 et

353 1718 582 1780 epistylia
637 1718 1018 1772 circumdarent,
1074 1717 1276 1762 domum
1332 1716 1573 1761 Trallibus
1629 1719 1815 1778 regiam

353 1785 528 1839 Attali,
560 1788 682 1830 item
714 1784 947 1830 Sardibus
979 1784 1163 1838 Croesi,
1195 1800 1344 1846 quam
1375 1786 1604 1845 gerusian
1637 1782 1816 1836 fecere,

416 1911 427 1934 ¹
460 1912 558 1961 quia
580 1911 781 1962 Illa-tshoff.

411 1965 425 1988 ²
455 1965 563 2003 fiunt
592 1965 786 2015 Mayhoff
809 1965 895 2003 coll.
935 1965 1088 2003 I'itrnv.
1111 1965 1169 2004 II.
1192 1966 1242 2005 3:
1291 1964 1362 2013 qui
1391 1964 1454 2002 B:
1502 1975 1582 2013 que
1610 1962 1693 2002 rell.

412 2019 426 2040 ³
456 2018 636 2057 didoron
673 2019 918 2057 Ilermolans
956 2019 1190 2057 Barbarus:
1243 2017 1391 2068 lydion
1429 2016 1584 2066 (lidron
1620 2015 1679 2055 cd.
1716 2016 1814 2055 Par.

358 2072 495 2119 escit

413 2126 429 2148 4
459 2138 536 2163 nos
562 2124 654 2163 add.
687 2124 881 2174 Maylzofs
903 2124 989 2163 coll.
1030 2125 1212 2162 Utrum:
1261 2123 1384 2174 volgo
1411 2123 1455 2161 J.
1486 2123 1652 2162 Mulier.

415 2178 430 2200 ⁵
459 2178 593 2217 Callet
622 2178 797 2224 Urlichs,
823 2177 1027 2228 Detlefsen
1048 2178 1134 2217 coll.
1157 2178 1239 2216 III.
1261 2178 1308 2215 12
1328 2193 1336 2216 :
1371 2176 1526 2216 callent
1550 2176 1612 2215 B:
1648 2174 1815 2214 canlent

357 2238 427 2270 ααι
452 2231 649 2270 canlcnto
673 2238 742 2270 ant
768 2231 934 2269 calento
958 2231 1041 2270 rell.

396 2344 414 2363 ‘¹
443 2340 501 2377 As
523 2351 547 2376 a
569 2349 760 2376 measure
781 2336 866 2375 this
889 2334 1013 2374 could
1037 2335 1088 2372 be
1108 2336 1132 2371 4
1156 2333 1298 2372 inches
1320 2346 1366 2371 or
1387 2334 1426 2379 9,
1449 2332 1528 2371 but
1549 2331 1648 2370 here
1669 2333 1704 2370 it
1725 2333 1758 2370 is
1781 2333 1818 2371 9.

395 2393 413 2419 ὓ
444 2392 556 2431 Silex
588 2393 620 2429 is
653 2392 695 2429 in
727 2389 960 2440 particular
992 2388 1064 2426 the
1096 2393 1242 2437 strong
1274 2391 1469 2425 concrete
1501 2385 1625 2424 made
1657 2385 1714 2436 by
1746 2384 1819 2423 the

342 2447 530 2484 Romans
549 2445 658 2483 from
677 2457 702 2482 a
720 2444 818 2481 lava
837 2442 978 2480 mixed
998 2441 1100 2479 with
1123 2441 1220 2478 lime
1239 2440 1323 2478 and
1341 2439 1561 2489 pozzolana
1582 2438 1664 2487 (for
1682 2437 1818 2477 which

341 2513 408 2538 see
427 2501 444 2548 ξ
467 2500 554 2544 166,
574 2499 712 2545 notc);
749 2497 827 2535 but
846 2497 885 2533 in
907 2496 1061 2534 Greece
1079 2494 1182 2532 silex
1200 2493 1339 2532 would
1359 2493 1409 2532 be
1426 2492 1662 2531 limestone.

397 2558 411 2576 ⁶
442 2552 614 2591 Attalus
636 2551 655 2589 I
678 2550 725 2589 of
743 2551 1010 2599 Pergamum,
1033 2549 1221 2586 241-197
1245 2558 1327 2586 B.e.
1596 2561 1599 2564 ⁴

343 2611 430 2668 386
