1899 3015
237 520 310 558 162

236 1322 309 1360 163

237 1803 309 1841 164

237 2124 310 2162 165

594 224 836 270 PLINY:
897 222 1224 269 NATURAL
1266 220 1561 268 HISTORY

344 360 455 398 uter
508 353 785 397 tenuiorem
842 349 1047 395 humum
1096 349 1316 396 duceret.
1400 348 1511 394 Cois
1559 363 1617 393 ea
1669 347 1808 393 lausl

343 435 576 486 maxima,
636 431 900 476 Hadrianis
959 430 1180 483 firmitas,
1240 427 1483 474 nonnullis
1540 431 1665 473 circa
1721 427 1812 473 hoc

343 514 622 559 severitatis
688 527 885 572 quoque
953 509 1207 571 exemplis.
1277 508 1337 566 Q.
1404 508 1678 570 Coponium
1742 511 1812 553 in-

344 596 566 638 venimus
611 592 826 636 ambitus
870 591 1181 644 damnatum,
1225 592 1341 651 quia
1383 591 1481 634 vini
1525 587 1811 650 amphoram

343 673 563 719 dedisset
600 672 729 717 dono
768 674 829 725 ei,
867 674 944 716 cui
982 669 1179 732 suffragi
1219 669 1337 714 latio
1376 675 1498 714 erat.
1567 675 1720 729 atque
1758 675 1814 714 ut

344 769 370 799 e
402 753 520 798 luxu
541 752 559 780 2
592 767 789 813 quoque
823 751 986 813 aliqua
1018 753 1277 812 contingat
1308 751 1576 795 auctoritas
1609 748 1812 810 figlinis:

346 835 674 894 tripatinium,
709 834 870 893 inquit
908 830 1206 883 Fenestella,
1240 829 1586 891 appellabatur
1621 845 1814 874 summa

343 930 576 959 cenarum
636 912 861 965 lautitia3
939 927 1037 956 una
1096 917 1204 956 erat
1263 925 1598 964 murenarum,
1657 908 1815 954 altera

345 994 586 1055 luporum,
628 995 779 1038 tertia
819 994 962 1037 mixti
1004 994 1164 1053 piscis,
1206 990 1450 1035 inclinatis
1491 992 1589 1034 iarn
1629 988 1815 1034 scilicet

344 1074 577 1127 moribus,
626 1080 681 1118 ut
728 1079 898 1117 tamen
947 1088 1028 1117 eos
1076 1070 1327 1132 praeferre
1375 1070 1614 1115 Graeciae
1662 1071 1814 1114 etiam

344 1152 643 1216 philosophis
685 1156 942 1214 possimus,
982 1151 1226 1213 siquidem
1265 1153 1315 1196 in
1354 1149 1636 1195 Aristotelis
1675 1148 1815 1195 here-

344 1234 462 1280 dum
500 1237 729 1279 auctione
766 1235 1088 1295 septuaginta
1123 1234 1319 1294 patinas
1355 1232 1548 1276 venisse
1584 1229 1812 1276 traditur.

343 1331 428 1360 nos
474 1331 586 1359 cum
633 1330 781 1359 unam
828 1313 1011 1375 Aesopi
1057 1311 1428 1374 tragoediarum
1472 1309 1720 1355 histrionis
1765 1312 1814 1355 in

344 1402 523 1440 natura
556 1396 720 1439 avium
754 1394 1030 1439 diceremus
1066 1408 1124 1438 Hs
1160 1400 1184 1438 f:
1204 1391 1223 1419 ³
1258 1393 1475 1445 stetisse,
1507 1407 1606 1436 non
1639 1390 1814 1436 dubito

344 1475 626 1537 indignatos
696 1474 936 1536 legentes.
1006 1479 1075 1527 at,
1145 1470 1402 1525 Hercules,
1469 1469 1697 1516 Vitellius
1765 1473 1813 1515 in

344 1557 623 1616 principatu
649 1570 736 1599 suo
756 1563 806 1619 βῑΙ
825 1553 845 1582 ‘²
868 1569 925 1598 Hs
946 1553 1167 1598 condidit
1192 1554 1433 1614 patinam,
1453 1553 1531 1596 cui
1556 1549 1814 1596 faciendae

344 1635 516 1681 fornax
570 1637 619 1679 in
672 1637 856 1696 campis
911 1633 1239 1679 exaedificata
1291 1638 1416 1685 erat,
1469 1633 1701 1693 quoniam
1756 1646 1814 1676 eo

343 1718 570 1777 pervenit
616 1714 825 1768 luxuria,
873 1720 929 1759 ut
976 1716 1128 1758 etiam
1176 1712 1343 1758 fictilia
1387 1711 1538 1773 pluris
1584 1717 1814 1756 constent

343 1812 493 1857 quam
530 1797 762 1840 murrina.
832 1801 1036 1856 propter
1064 1793 1190 1838 hanc
1227 1791 1489 1838 Mucianus
1518 1791 1675 1837 altero
1702 1807 1814 1836 con-

343 1875 507 1921 sulatu
550 1891 638 1920 suo
680 1878 730 1919 in
772 1877 1129 1936 conquestione
1173 1873 1490 1934 exprobravit
1531 1874 1813 1934 patinarum

344 1955 549 2018 paludes
593 1955 759 2001 Vitelli
805 1957 1090 2008 memoriae,
1134 1970 1231 1999 non
1274 1952 1356 1998 illa
1398 1951 1634 2006 foediore,
1677 1954 1814 1997 cuius

345 2052 536 2081 veneno
590 2036 855 2097 Asprenati
914 2051 996 2080 reo
1050 2034 1245 2080 Cassius
1298 2032 1507 2078 Severus
1561 2038 1815 2078 accusator

342 2116 590 2162 obiciebat
633 2118 860 2161 interisse
903 2116 1129 2160 convivas
1172 2129 1306 2159 cxxx.
1374 2112 1700 2158 nobilitantur
1739 2110 1813 2158 his

344 2211 542 2259 quoque
573 2195 772 2257 oppida,
804 2203 859 2241 ut
890 2195 1102 2257 Regium
1134 2200 1186 2240 et
1216 2193 1419 2240 Cumae.
1487 2191 1652 2238 Samia
1681 2198 1815 2238 testa

408 2336 420 2359 ¹
452 2336 608 2375 ealaus
627 2336 842 2385 Mayhoff:
877 2335 1056 2374 illalaus
1078 2334 1266 2373 Urlichs:
1299 2334 1452 2372 levitas
1466 2332 1674 2372 Frdhner:
1705 2332 1810 2373 laus.

406 2389 421 2412 ²
450 2402 471 2427 e
501 2389 602 2428 luxu
631 2391 735 2429 coni.
764 2390 873 2427 Ian:
920 2389 1046 2428 fruxu
1072 2394 1143 2427 aut
1170 2388 1290 2426 frucu
1315 2393 1387 2426 aut
1412 2387 1537 2426 fruxo
1562 2385 1648 2426 cdd.
1678 2386 1811 2436 (fluxu

352 2442 571 2535 CdQPEOlgll·
594 2496 702 2533 Leisl.
739 2496 849 2534 I'oss.
875 2496 933 2544 [c]
960 2495 997 2533 B
1015 2510 1022 2533 :
1066 2493 1104 2533 c’
1129 2500 1200 2533 aut
1224 2497 1395 2533 eentum
1418 2498 1489 2531 aut
1512 2504 1568 2532 Dc
1591 2491 1675 2532 rell.

409 2551 424 2573 ⁴
455 2548 506 2600 ΙῖζΙ
530 2551 591 2588 B:
634 2546 663 2588 {i
686 2555 755 2586 att!
781 2561 807 2588 Χ
832 2549 913 2588 rell.

344 2626 432 2685 380
