1873 3020
213 808 264 846 80

212 1368 256 1407 81

553 190 788 238 PLINY:
842 192 1170 239 NATURAL
1216 193 1509 240 HISTORY

297 324 459 382 cipem
482 320 818 366 avidissimum
839 324 943 366 auri
963 336 973 374 ;
1012 337 1163 383 quarn
1184 321 1247 367 ob
1268 337 1373 366 rem
1394 325 1535 368 iussit
1555 326 1761 385 excoqui

298 417 534 463 magnum
561 399 753 461 pondus
782 407 834 445 et
860 400 1008 462 plane
1035 400 1155 447 fecit
1182 417 1357 446 aurum
1385 401 1650 457 excellens,
1675 402 1763 448 sed

297 484 365 526 ita
399 483 534 541 parvi
564 480 814 542 ponderis,
844 487 901 526 ut
931 480 1292 526 detrimentum
1321 484 1533 528 sentiret
1560 489 1765 544 propter

296 563 553 606 avaritiam
592 567 847 622 expertus,
882 576 1188 623 quamquam
1223 563 1575 623 auripigmenti
1609 561 1763 608 librae

300 642 337 687 Χ
385 656 462 685 1111
505 647 926 702 permutarentur.
995 656 1086 686 nec
1129 647 1306 702 postea
1349 648 1657 703 temptatum
1700 642 1763 687 ab

297 720 394 766 ullo
420 727 512 766 est.

358 800 551 846 XXIII.
590 799 737 846 Omni
760 817 880 846 auro
911 803 1043 846 inest
1073 807 1340 863 argentum
1360 804 1494 847 vario
1524 801 1763 863 pondere,

295 880 444 926 aliubi
474 881 684 927 decuma
711 880 895 942 parte,1
923 880 1071 926 aliubi
1102 888 1293 926 octava.
1361 883 1410 926 in
1438 897 1537 927 uno
1562 888 1762 928 tantum

295 960 572 1007 Callaeciae
611 961 833 1016 metallo,
872 961 1004 1023 quod
1044 968 1223 1007 vocant
1260 961 1642 1016 Albucrarense,
1678 965 1763 1008 tri-

294 1045 509 1087 censima
531 1048 677 1087 sexta
695 1044 857 1103 portio
876 1043 1127 1087 invenitur
1143 1055 1154 1095 3
1190 1041 1304 1087 ideo
1323 1044 1501 1087 ceteris
1520 1049 1760 1103 praestat.

295 1122 595 1183 ubicumque
654 1125 830 1183 quinta
892 1124 1088 1183 argenti
1146 1124 1309 1183 portio
1368 1127 1463 1176 est,
1521 1121 1762 1167 electrum

295 1209 529 1257 vocatur3
564 1201 736 1247 scobes
755 1201 851 1247 hae
871 1204 1187 1263 reperiuntur
1210 1204 1260 1246 in
1283 1200 1567 1247 canaliensi.
1635 1202 1691 1248 fit
1710 1209 1763 1248 et

295 1299 411 1327 cura
427 1282 668 1328 electrum
683 1289 894 1344 argento
907 1281 1095 1327 addito.
1134 1281 1267 1343 quod
1280 1284 1318 1326 si
1336 1284 1564 1343 quintam
1578 1285 1762 1343 portio-

295 1379 408 1408 nem
454 1365 684 1417 excessit,
727 1362 986 1408 incudibus
1031 1378 1129 1407 non
1172 1365 1374 1407 resistit.
1441 1368 1667 1407 vestusta
1709 1369 1762 1408 et

294 1443 480 1488 electro
503 1446 772 1489 auctoritas
798 1442 1017 1488 Homero
1040 1449 1191 1497 teste,
1216 1445 1299 1504 qui
1326 1441 1549 1487 Menelai
1571 1445 1761 1504 regiam

293 1540 430 1578 auro,
457 1523 660 1579 electro,
685 1530 913 1586 argento,
940 1523 1089 1568 ebore
1115 1521 1309 1584 fulgere
1334 1522 1505 1568 tradit.
1574 1521 1762 1568 Miner-

294 1620 384 1649 vae
416 1603 662 1665 templum
693 1603 849 1649 habet
882 1603 1065 1649 Lindos
1098 1602 1287 1648 insulae
1308 1602 1326 1631 2
1358 1601 1680 1658 Rhodiorum,
1710 1605 1760 1648 in

294 1701 391 1746 quo
446 1684 641 1729 Helena
691 1687 905 1730 sacravit
954 1683 1159 1729 calicem
1213 1699 1275 1728 ex
1328 1682 1541 1736 electro;
1609 1682 1761 1729 adicit

294 1764 514 1819 historia,
541 1780 790 1810 mammae
817 1781 937 1810 suae
964 1779 1211 1809 mensura.
1279 1762 1450 1809 electri
1477 1769 1656 1808 natura
1683 1769 1761 1809 est

293 1844 356 1890 ad
405 1844 716 1891 lucernarum
765 1844 951 1890 lumina
998 1843 1174 1890 clarius
1222 1850 1433 1906 argento
1479 1842 1757 1904 splendere.

293 1925 426 1987 quod
455 1932 532 1971 est
558 1928 800 1980 nativum,
829 1932 881 1970 et
907 1940 1102 1970 venena
1127 1922 1475 1986 deprehendit.
1542 1939 1759 1985 namque

292 2004 574 2051 discurrunt
601 2008 651 2050 in
679 2005 911 2051 calicibus
941 2020 1080 2050 arcus
1109 2003 1408 2049 caelestibus
1436 2002 1618 2048 similes
1646 2019 1758 2049 curn

293 2088 440 2147 igneo
464 2085 674 2131 stridore
701 2092 753 2131 et
775 2087 977 2148 gemina
998 2087 1192 2129 ratione
1216 2083 1526 2145 praedicunt.

359 2193 373 2216 ¹
404 2193 583 2232 decuma
615 2197 737 2244 parte
772 2193 835 2231 B:
883 2205 968 2230 non
1002 2192 1085 2230 rell.
1117 2193 1249 2241 (nona
1280 2190 1339 2230 od.
1370 2190 1469 2229 Par.
1500 2190 1592 2230 Lat.
1623 2191 1755 2230 6797:

301 2246 410 2285 dena
431 2247 533 2285 alibi
554 2260 667 2285 nona
688 2246 747 2285 cd.
771 2247 868 2284 Par.
893 2247 1031 2293 6801).

356 2301 371 2324 ²
401 2301 538 2338 insula
564 2301 628 2339 B:
672 2300 715 2338 in
741 2299 879 2338 insula
904 2299 1010 2338 coni.
1039 2297 1241 2348 Mayhoff.

404 2470 422 2488 ‘²
451 2464 654 2515 Properly
674 2464 746 2502 the
766 2463 881 2502 word
902 2475 1046 2502 means
1067 2461 1076 2477 ‘
1095 2461 1268 2501 amber.’
1328 2461 1403 2500 See
1423 2461 1441 2509 §
1467 2463 1500 2506 1,
1523 2464 1637 2500 note.

407 2518 421 2542 θ
451 2517 524 2556 Od.
550 2518 625 2556 IV.
650 2520 697 2556 71
721 2517 764 2556 ff.

291 2596 347 2642 62
