1873 3020
171 749 243 788 133

174 1210 247 1248 134

179 1977 252 2016 135

532 229 737 275 PLINY
757 247 767 275 :
822 229 1149 276 NATURAL
1196 228 1488 276 HISTORY

274 360 409 405 facta
438 359 666 405 denarios
697 358 926 420 probare,
955 365 1060 403 tarn
1093 357 1306 403 iucunda
1335 357 1500 419 plebei
1530 357 1660 420 lege,
1689 364 1746 402 ut

280 437 442 481 Mario
485 435 780 480 Gratidiano
823 437 1021 480 vicatim
1069 434 1215 480 tota1
1255 441 1450 480 statuas
1490 434 1744 479 dicaverit.

276 517 574 574 mirumque,
601 516 648 557 in
677 511 769 557 hac
795 515 977 557 artium
1003 511 1107 556 sola
1133 514 1252 557 vitia
1278 511 1536 557 discuntur
1561 517 1614 556 et
1637 509 1744 555 falsi

275 590 466 635 denarii
487 595 746 650 spectatur
768 588 1024 649 exemplar
1043 587 1366 650 pluribusque
1388 590 1514 633 veris
1533 587 1748 633 denariis

278 666 585 712 adulterinus
619 668 815 711 emitur.

337 742 544 788 XLVII.
584 741 694 787 Non
735 749 843 787 erat
883 742 1016 803 apud
1062 745 1292 804 antiquos
1340 757 1573 787 numerus
1619 740 1748 787 ultra

278 827 481 866 centum
511 819 675 872 milia,
723 822 895 880 itaque
927 825 979 864 et
1010 818 1157 864 hodie
1186 818 1581 880 multiplicantur
1609 817 1749 871 haee,

279 904 335 942 ut
364 896 528 941 decies
557 902 773 941 centena
802 902 890 941 aut
917 899 1114 957 saepius
1144 895 1388 941 dicantur.
1455 894 1630 941 faenus
1660 894 1750 940 hoc

281 972 401 1018 fecit
419 989 750 1035 nummusque
768 988 1046 1033 percussus,
1064 979 1116 1018 et
1133 976 1200 1018 sic
1218 988 1416 1034 quoque
1433 988 1516 1018 aes
1533 971 1751 1017 alienum

279 1054 555 1095 etiamnum
592 1049 889 1110 appellatur.
958 1057 1134 1111 postea
1171 1049 1365 1095 Divites
1397 1051 1751 1112 cognominati,

279 1126 549 1171 dummodo
578 1133 751 1171 notum
779 1130 843 1172 sit
871 1143 1003 1181 eum,
1034 1129 1114 1188 qui
1145 1130 1330 1187 primus
1357 1125 1449 1172 hoc
1476 1142 1752 1188 cognomen

282 1206 547 1264 acceperit,
597 1203 853 1248 decoxisse
902 1204 1229 1248 creditoribus
1279 1206 1392 1248 suis.
1462 1219 1524 1249 ex
1574 1202 1752 1248 eadem

278 1287 432 1342 gente
466 1279 538 1324 M.
571 1279 773 1325 Crassus
806 1280 1027 1342 negabat
1064 1280 1362 1341 locupletem
1399 1296 1506 1326 esse
1542 1283 1633 1325 nisi
1669 1283 1751 1341 qui

280 1356 445 1402 reditu
491 1373 656 1402 annuo
703 1357 951 1419 legionem
996 1360 1126 1403 tueri
1173 1364 1356 1418 posset.
1423 1360 1474 1402 in
1518 1360 1648 1419 agris
1694 1372 1752 1402 Hs

286 1442 395 1499 [ῙΓΜῙ
425 1433 647 1495 possedit
673 1432 943 1490 Quiritium
962 1440 1076 1495 post
1100 1433 1286 1479 Sullam
1306 1434 1644 1488 divitissimus,
1663 1450 1754 1479 nec

282 1509 379 1555 fuit
413 1514 533 1556 satis
571 1514 658 1555 nisi
697 1518 862 1556 totum
898 1510 1193 1556 Parthorum
1230 1518 1519 1573 usurpasset
1552 1525 1754 1565 aurum;

285 1594 440 1649 atque
488 1594 545 1632 ut
591 1591 883 1633 memoriam
931 1589 1133 1650 quidem
1180 1605 1330 1649 opum
1377 1591 1756 1650 occupaverit—

283 1667 422 1709 iuvat
472 1668 604 1709 enim
654 1668 885 1710 insectari
937 1665 1291 1726 inexplebilem
1340 1668 1489 1710 istam
1538 1664 1754 1710 habendi

283 1740 659 1801 cupidinem—t
720 1741 901 1787 multos
944 1749 1120 1803 postea
1161 1745 1478 1804 cognovimus
1513 1744 1755 1787 servitute

285 1816 519 1863 liberatos
555 1818 908 1879 opulentiores,
942 1822 1230 1880 pariterque
1263 1825 1365 1864 tres
1400 1818 1593 1864 Claudii
1625 1822 1755 1880 prin-

285 1897 455 1954 cipatu
488 1895 636 1955 paulo
668 1903 786 1940 ante
819 1895 1096 1950 Callistum,
1129 1895 1426 1950 Pallantem,
1457 1895 1753 1941 Narcissum.

284 1978 437 2033 atque
490 1978 545 2017 ut
597 1971 644 2016 hi
698 1975 1014 2027 omittantur,
1066 1980 1326 2035 tamquam
1378 1971 1539 2018 adhuc
1589 1988 1753 2018 rerum

732 2100 747 2123 1
776 2105 893 2138 totas
918 2100 968 2146 B,
994 2099 1054 2140 od.
1080 2101 1179 2139 Par.
1207 2102 1326 2140 6801.

341 2293 359 2311 ⁰
388 2287 561 2327 Crassus
597 2288 669 2327 the
704 2288 907 2327 so-called
945 2289 1200 2328 ‘triumvir'
1238 2302 1324 2328 was
1358 2289 1555 2328 defeated
1591 2289 1648 2340 by
1683 2288 1756 2327 the

287 2340 514 2380 Parthians
547 2347 592 2380 at
625 2342 807 2381 Carrhae
841 2343 1025 2392 (Haran)
1059 2343 1102 2381 in
1135 2344 1185 2382 53
1221 2354 1318 2389 B.c.‚
1353 2342 1439 2381 and
1471 2342 1756 2381 assassinated

287 2395 406 2433 when
434 2396 619 2445 treating
647 2396 711 2433 for
738 2409 877 2446 peace.
939 2397 1016 2434 His
1043 2396 1151 2434 head
1180 2409 1264 2435 was
1291 2400 1364 2435 cut
1390 2396 1453 2435 off
1475 2396 1560 2435 and
1587 2400 1681 2434 sent
1708 2401 1755 2434 to

286 2448 358 2486 the
382 2448 584 2486 Parthian
608 2448 720 2499 king,
745 2449 839 2487 who
862 2449 1015 2487 caused
1038 2449 1195 2488 melted
1216 2449 1316 2499 gold
1337 2454 1384 2488 to
1408 2450 1458 2488 be
1480 2449 1640 2501 poured
1663 2450 1755 2487 into

286 2503 341 2540 its
363 2502 527 2547 mouth,
550 2503 699 2552 saying
722 2502 730 2517 ‘
751 2502 850 2540 Sate
872 2503 1035 2553 thyself
1050 2516 1144 2541 now
1166 2503 1268 2541 with
1290 2503 1363 2541 the
1384 2503 1514 2541 metal
1535 2503 1599 2541 for
1622 2502 1755 2541 which

286 2555 407 2593 when
428 2555 538 2593 alive
560 2555 664 2594 thou
688 2562 789 2594 wert
810 2569 856 2594 so
877 2556 1033 2607 greedy
1053 2556 1061 2572 ’
1085 2556 1184 2606 (Dio
1206 2557 1372 2595 Cassius
1395 2556 1486 2595 XL.
1509 2558 1591 2606 27).

294 2646 379 2676 100
