<?xml version="1.0" encoding="UTF-8"?>
<!DOCTYPE html PUBLIC "-//W3C//DTD XHTML 1.0 Transitional//EN"
    "http://www.w3.org/TR/xhtml1/DTD/xhtml1-transitional.dtd">
<html xmlns="http://www.w3.org/1999/xhtml" xml:lang="en" lang="en">
 <head>
  <title>
</title>
<meta http-equiv="Content-Type" content="text/html;charset=utf-8" />
  <meta name='ocr-system' content='tesseract 3.04.00' />
  <meta name='ocr-capabilities' content='ocr_page ocr_carea ocr_par ocr_line ocrx_word'/>
</head>
<body>
  <div class='ocr_page' id='page_1' title='image "./naturalhistory09plinuoft/naturalhistory09plinuoft_0054.png"; bbox 0 0 1873 3020; ppageno 0'>
   <div class='ocr_carea' id='block_1_1' title="bbox 194 1752 244 1790">
    <p class='ocr_par' dir='ltr' id='par_1_1' title="bbox 194 1752 244 1790">
     <span class='ocr_line' id='line_1_1' title="bbox 194 1752 244 1790; baseline -0.02 -1"><span class='ocrx_word' id='word_1_1' title='bbox 194 1752 244 1790; x_wconf 84' lang='lat'>53</span> 
     </span>
    </p>
   </div>
   <div class='ocr_carea' id='block_1_2' title="bbox 530 219 1484 270">
    <p class='ocr_par' dir='ltr' id='par_1_2' title="bbox 530 219 1484 270">
     <span class='ocr_line' id='line_1_2' title="bbox 530 219 1484 270; baseline 0.003 -4"><span class='ocrx_word' id='word_1_2' title='bbox 530 219 737 267; x_wconf 92' lang='lat' dir='ltr'><strong>PLINY</strong></span> <span class='ocrx_word' id='word_1_3' title='bbox 755 238 765 267; x_wconf 78' lang='lat'>2</span> <span class='ocrx_word' id='word_1_4' title='bbox 819 221 1146 268; x_wconf 88' lang='lat' dir='ltr'>NATURAL</span> <span class='ocrx_word' id='word_1_5' title='bbox 1192 222 1484 270; x_wconf 87' lang='lat' dir='ltr'>HISTORY</span> 
     </span>
    </p>
   </div>
   <div class='ocr_carea' id='block_1_3' title="bbox 273 349 1744 1953">
    <p class='ocr_par' dir='ltr' id='par_1_3' title="bbox 273 349 1744 1732">
     <span class='ocr_line' id='line_1_3' title="bbox 275 349 1740 412; baseline 0.001 -18"><span class='ocrx_word' id='word_1_6' title='bbox 275 367 466 403; x_wconf 84' lang='lat' dir='ltr'>aurum,</span> <span class='ocrx_word' id='word_1_7' title='bbox 490 352 617 394; x_wconf 89' lang='lat' dir='ltr'>sicut</span> <span class='ocrx_word' id='word_1_8' title='bbox 641 349 933 412; x_wconf 77' lang='lat' dir='ltr'>Carthagini</span> <span class='ocrx_word' id='word_1_9' title='bbox 958 367 1067 395; x_wconf 91' lang='lat' dir='ltr'>cum</span> <span class='ocrx_word' id='word_1_10' title='bbox 1095 350 1377 396; x_wconf 78' lang='lat' dir='ltr'>Hannibale</span> <span class='ocrx_word' id='word_1_11' title='bbox 1401 353 1562 396; x_wconf 89' lang='lat' dir='ltr'>victae</span> <span class='ocrx_word' id='word_1_12' title='bbox 1586 353 1740 396; x_wconf 88' lang='lat' dir='ltr'>octin-</span> 
     </span>
     <span class='ocr_line' id='line_1_4' title="bbox 275 422 1740 486; baseline 0.001 -18"><span class='ocrx_word' id='word_1_13' title='bbox 275 430 427 484; x_wconf 85' lang='lat' dir='ltr'>genta</span> <span class='ocrx_word' id='word_1_14' title='bbox 478 422 627 476; x_wconf 85' lang='lat' dir='ltr'>milia,</span> <span class='ocrx_word' id='word_1_15' title='bbox 678 423 795 470; x_wconf 44' lang='lat'>5511</span> <span class='ocrx_word' id='word_1_16' title='bbox 848 423 1012 485; x_wconf 91' lang='lat' dir='ltr'>pondo</span> <span class='ocrx_word' id='word_1_17' title='bbox 1061 440 1226 468; x_wconf 89' lang='lat' dir='ltr'>annua</span> <span class='ocrx_word' id='word_1_18' title='bbox 1276 427 1325 469; x_wconf 89' lang='lat' dir='ltr'>in</span> <span class='ocrx_word' id='word_1_19' title='bbox 1378 427 1740 486; x_wconf 79' lang='lat' dir='ltr'>quinquaginta</span> 
     </span>
     <span class='ocr_line' id='line_1_5' title="bbox 275 495 1738 559; baseline 0.001 -18"><span class='ocrx_word' id='word_1_20' title='bbox 275 513 444 550; x_wconf 87' lang='lat' dir='ltr'>annos,</span> <span class='ocrx_word' id='word_1_21' title='bbox 473 495 590 541; x_wconf 87' lang='lat' dir='ltr'>nihil</span> <span class='ocrx_word' id='word_1_22' title='bbox 619 500 739 541; x_wconf 87' lang='lat' dir='ltr'>auri.</span> <span class='ocrx_word' id='word_1_23' title='bbox 808 513 898 543; x_wconf 89' lang='lat' dir='ltr'>nec</span> <span class='ocrx_word' id='word_1_24' title='bbox 926 504 1094 558; x_wconf 89' lang='lat' dir='ltr'>potest</span> <span class='ocrx_word' id='word_1_25' title='bbox 1122 497 1273 542; x_wconf 89' lang='lat' dir='ltr'>videri</span> <span class='ocrx_word' id='word_1_26' title='bbox 1303 501 1541 559; x_wconf 87' lang='lat' dir='ltr'>paenuria</span> <span class='ocrx_word' id='word_1_27' title='bbox 1569 497 1738 542; x_wconf 90' lang='lat' dir='ltr'>mundi</span> 
     </span>
     <span class='ocr_line' id='line_1_6' title="bbox 276 569 1739 631; baseline 0.001 -17"><span class='ocrx_word' id='word_1_28' title='bbox 276 569 323 615; x_wconf 90' lang='lat' dir='ltr'>id</span> <span class='ocrx_word' id='word_1_29' title='bbox 362 573 598 615; x_wconf 80' lang='lat' dir='ltr'>evenisse.</span> <span class='ocrx_word' id='word_1_30' title='bbox 665 573 764 615; x_wconf 91' lang='lat' dir='ltr'>iam</span> <span class='ocrx_word' id='word_1_31' title='bbox 805 569 971 616; x_wconf 91' lang='lat' dir='ltr'>Midas</span> <span class='ocrx_word' id='word_1_32' title='bbox 1011 577 1063 615; x_wconf 90' lang='lat' dir='ltr'>et</span> <span class='ocrx_word' id='word_1_33' title='bbox 1100 569 1308 616; x_wconf 80' lang='lat' dir='ltr'>Croesus</span> <span class='ocrx_word' id='word_1_34' title='bbox 1347 570 1594 616; x_wconf 79' lang='lat' dir='ltr'>infinitum</span> <span class='ocrx_word' id='word_1_35' title='bbox 1632 587 1739 631; x_wconf 92' lang='lat' dir='ltr'>pos-</span> 
     </span>
     <span class='ocr_line' id='line_1_7' title="bbox 274 642 1740 705; baseline 0.003 -18"><span class='ocrx_word' id='word_1_36' title='bbox 274 643 525 696; x_wconf 74' lang='lat' dir='ltr'>sederant,</span> <span class='ocrx_word' id='word_1_37' title='bbox 580 646 679 688; x_wconf 91' lang='lat' dir='ltr'>iam</span> <span class='ocrx_word' id='word_1_38' title='bbox 736 642 892 705; x_wconf 87' lang='lat' dir='ltr'><strong>Cyrus</strong></span> <span class='ocrx_word' id='word_1_39' title='bbox 949 643 1147 689; x_wconf 82' lang='lat' dir='ltr'>devicta</span> <span class='ocrx_word' id='word_1_40' title='bbox 1202 644 1322 689; x_wconf 90' lang='lat' dir='ltr'>Asia</span> <span class='ocrx_word' id='word_1_41' title='bbox 1377 643 1542 705; x_wconf 90' lang='lat' dir='ltr'>pondo</span> <span class='ocrx_word' id='word_1_42' title='bbox 1597 651 1740 691; x_wconf 59' lang='lat' dir='ltr'>fimi</span> 
     </span>
     <span class='ocr_line' id='line_1_8' title="bbox 275 716 1740 779; baseline 0.001 -18"><span class='ocrx_word' id='word_1_43' title='bbox 275 720 534 761; x_wconf 82' lang='lat' dir='ltr'>invenerat</span> <span class='ocrx_word' id='word_1_44' title='bbox 570 723 773 777; x_wconf 90' lang='lat' dir='ltr'>praeter</span> <span class='ocrx_word' id='word_1_45' title='bbox 809 733 925 762; x_wconf 85' lang='lat' dir='ltr'>vasa</span> <span class='ocrx_word' id='word_1_46' title='bbox 964 733 1239 779; x_wconf 89' lang='lat' dir='ltr'>aurumque</span> <span class='ocrx_word' id='word_1_47' title='bbox 1276 716 1465 763; x_wconf 90' lang='lat' dir='ltr'>factum</span> <span class='ocrx_word' id='word_1_48' title='bbox 1505 724 1558 763; x_wconf 90' lang='lat' dir='ltr'>et</span> <span class='ocrx_word' id='word_1_49' title='bbox 1594 720 1642 762; x_wconf 92' lang='lat' dir='ltr'>in</span> <span class='ocrx_word' id='word_1_50' title='bbox 1682 733 1740 762; x_wconf 88' lang='lat' dir='ltr'>eo</span> 
     </span>
     <span class='ocr_line' id='line_1_9' title="bbox 275 789 1740 853; baseline 0.001 -19"><span class='ocrx_word' id='word_1_51' title='bbox 275 789 489 843; x_wconf 86' lang='lat' dir='ltr'>solium,2</span> <span class='ocrx_word' id='word_1_52' title='bbox 525 789 803 851; x_wconf 88' lang='lat' dir='ltr'>platanum,</span> <span class='ocrx_word' id='word_1_53' title='bbox 832 793 1001 836; x_wconf 84' lang='lat' dir='ltr'>vitem.</span> <span class='ocrx_word' id='word_1_54' title='bbox 1070 807 1167 852; x_wconf 92' lang='lat' dir='ltr'>qua</span> <span class='ocrx_word' id='word_1_55' title='bbox 1203 793 1405 836; x_wconf 88' lang='lat' dir='ltr'>victoria</span> <span class='ocrx_word' id='word_1_56' title='bbox 1439 793 1632 853; x_wconf 77' lang='lat' dir='ltr'>argenti</span> <span class='ocrx_word' id='word_1_57' title='bbox 1671 789 1740 836; x_wconf 70' lang='lat'>5³</span> 
     </span>
     <span class='ocr_line' id='line_1_10' title="bbox 275 862 1741 925; baseline 0.001 -18"><span class='ocrx_word' id='word_1_58' title='bbox 275 863 577 908; x_wconf 84' lang='lat' dir='ltr'>talentorum</span> <span class='ocrx_word' id='word_1_59' title='bbox 638 867 913 925; x_wconf 76' lang='lat' dir='ltr'>reportavit</span> <span class='ocrx_word' id='word_1_60' title='bbox 973 871 1026 909; x_wconf 86' lang='lat' dir='ltr'>et</span> <span class='ocrx_word' id='word_1_61' title='bbox 1084 871 1330 909; x_wconf 78' lang='lat' dir='ltr'>craterem</span> <span class='ocrx_word' id='word_1_62' title='bbox 1390 862 1741 915; x_wconf 77' lang='lat' dir='ltr'>Semiramidis,</span> 
     </span>
     <span class='ocr_line' id='line_1_11' title="bbox 275 936 1739 998; baseline 0.001 -17"><span class='ocrx_word' id='word_1_63' title='bbox 275 940 410 982; x_wconf 87' lang='lat' dir='ltr'>cuius</span> <span class='ocrx_word' id='word_1_64' title='bbox 455 936 646 998; x_wconf 88' lang='lat' dir='ltr'>pondus</span> <span class='ocrx_word' id='word_1_65' title='bbox 692 952 751 981; x_wconf 81' lang='lat' dir='ltr'>xv</span> <span class='ocrx_word' id='word_1_66' title='bbox 796 936 1099 983; x_wconf 87' lang='lat' dir='ltr'>talentorum</span> <span class='ocrx_word' id='word_1_67' title='bbox 1145 937 1427 998; x_wconf 85' lang='lat' dir='ltr'>colligebat.</span> <span class='ocrx_word' id='word_1_68' title='bbox 1493 937 1739 982; x_wconf 83' lang='lat' dir='ltr'>talentum</span> 
     </span>
     <span class='ocr_line' id='line_1_12' title="bbox 276 1009 1739 1072; baseline 0.001 -17"><span class='ocrx_word' id='word_1_69' title='bbox 276 1011 584 1072; x_wconf 79' lang='lat' dir='ltr'>Aegyptium</span> <span class='ocrx_word' id='word_1_70' title='bbox 630 1010 794 1071; x_wconf 90' lang='lat' dir='ltr'>pondo</span> <span class='ocrx_word' id='word_1_71' title='bbox 840 1026 959 1055; x_wconf 85' lang='lat' dir='ltr'>Lxxx</span> <span class='ocrx_word' id='word_1_72' title='bbox 1006 1018 1181 1072; x_wconf 88' lang='lat' dir='ltr'>patere</span> <span class='ocrx_word' id='word_1_73' title='bbox 1231 1010 1330 1056; x_wconf 86' lang='lat' dir='ltr'>M.4</span> <span class='ocrx_word' id='word_1_74' title='bbox 1372 1009 1525 1056; x_wconf 88' lang='lat' dir='ltr'>Varro</span> <span class='ocrx_word' id='word_1_75' title='bbox 1570 1010 1739 1056; x_wconf 85' lang='lat' dir='ltr'>tradit.</span> 
     </span>
     <span class='ocr_line' id='line_1_13' title="bbox 275 1083 1742 1145; baseline 0.001 -17"><span class='ocrx_word' id='word_1_76' title='bbox 275 1087 372 1129; x_wconf 91' lang='lat' dir='ltr'>iam</span> <span class='ocrx_word' id='word_1_77' title='bbox 405 1090 703 1145; x_wconf 81' lang='lat' dir='ltr'>regnaverat</span> <span class='ocrx_word' id='word_1_78' title='bbox 734 1087 783 1129; x_wconf 90' lang='lat' dir='ltr'>in</span> <span class='ocrx_word' id='word_1_79' title='bbox 817 1083 1008 1130; x_wconf 81' lang='lat' dir='ltr'>Colchis</span> <span class='ocrx_word' id='word_1_80' title='bbox 1040 1083 1270 1130; x_wconf 88' lang='lat' dir='ltr'>Saulaces</span> <span class='ocrx_word' id='word_1_81' title='bbox 1304 1083 1499 1130; x_wconf 87' lang='lat' dir='ltr'>Aeetae</span> <span class='ocrx_word' id='word_1_82' title='bbox 1529 1083 1742 1139; x_wconf 87' lang='lat' dir='ltr'>suboles,</span> 
     </span>
     <span class='ocr_line' id='line_1_14' title="bbox 276 1157 1742 1220; baseline 0.001 -18"><span class='ocrx_word' id='word_1_83' title='bbox 276 1160 357 1219; x_wconf 90' lang='lat' dir='ltr'>qui</span> <span class='ocrx_word' id='word_1_84' title='bbox 378 1164 565 1202; x_wconf 87' lang='lat' dir='ltr'>terram</span> <span class='ocrx_word' id='word_1_85' title='bbox 583 1160 825 1219; x_wconf 89' lang='lat' dir='ltr'>virginem</span> <span class='ocrx_word' id='word_1_86' title='bbox 844 1164 1019 1203; x_wconf 86' lang='lat' dir='ltr'>nactus</span> <span class='ocrx_word' id='word_1_87' title='bbox 1038 1157 1305 1219; x_wconf 89' lang='lat' dir='ltr'>plurimum</span> <span class='ocrx_word' id='word_1_88' title='bbox 1324 1160 1428 1202; x_wconf 89' lang='lat' dir='ltr'>auri</span> <span class='ocrx_word' id='word_1_89' title='bbox 1447 1160 1742 1220; x_wconf 87' lang='lat' dir='ltr'>argentique</span> 
     </span>
     <span class='ocr_line' id='line_1_15' title="bbox 277 1230 1741 1293; baseline 0.001 -18"><span class='ocrx_word' id='word_1_90' title='bbox 277 1234 460 1276; x_wconf 86' lang='lat' dir='ltr'>eruisse</span> <span class='ocrx_word' id='word_1_91' title='bbox 487 1230 666 1276; x_wconf 89' lang='lat' dir='ltr'>dicitur</span> <span class='ocrx_word' id='word_1_92' title='bbox 691 1234 741 1276; x_wconf 91' lang='lat' dir='ltr'>in</span> <span class='ocrx_word' id='word_1_93' title='bbox 767 1230 1044 1276; x_wconf 85' lang='lat' dir='ltr'>Suanorum</span> <span class='ocrx_word' id='word_1_94' title='bbox 1070 1238 1242 1293; x_wconf 84' lang='lat' dir='ltr'>gente,</span> <span class='ocrx_word' id='word_1_95' title='bbox 1270 1237 1322 1276; x_wconf 88' lang='lat' dir='ltr'>et</span> <span class='ocrx_word' id='word_1_96' title='bbox 1347 1230 1527 1293; x_wconf 89' lang='lat' dir='ltr'>alioqui</span> <span class='ocrx_word' id='word_1_97' title='bbox 1554 1230 1741 1276; x_wconf 88' lang='lat' dir='ltr'>velleri-</span> 
     </span>
     <span class='ocr_line' id='line_1_16' title="bbox 273 1303 1743 1367; baseline 0 -18"><span class='ocrx_word' id='word_1_98' title='bbox 273 1305 361 1349; x_wconf 90' lang='lat' dir='ltr'>bus</span> <span class='ocrx_word' id='word_1_99' title='bbox 395 1307 554 1349; x_wconf 88' lang='lat' dir='ltr'>aureis</span> <span class='ocrx_word' id='word_1_100' title='bbox 587 1303 773 1350; x_wconf 89' lang='lat' dir='ltr'>incluto</span> <span class='ocrx_word' id='word_1_101' title='bbox 804 1321 973 1367; x_wconf 89' lang='lat' dir='ltr'>regno.</span> <span class='ocrx_word' id='word_1_102' title='bbox 1043 1312 1095 1350; x_wconf 93' lang='lat' dir='ltr'>et</span> <span class='ocrx_word' id='word_1_103' title='bbox 1126 1304 1251 1349; x_wconf 91' lang='lat' dir='ltr'>illius</span> <span class='ocrx_word' id='word_1_104' title='bbox 1284 1320 1467 1349; x_wconf 89' lang='lat' dir='ltr'>aureae</span> <span class='ocrx_word' id='word_1_105' title='bbox 1496 1320 1743 1359; x_wconf 90' lang='lat' dir='ltr'>camarae,</span> 
     </span>
     <span class='ocr_line' id='line_1_17' title="bbox 275 1377 1743 1440; baseline 0.001 -18"><span class='ocrx_word' id='word_1_106' title='bbox 275 1384 547 1440; x_wconf 85' lang='lat' dir='ltr'>argenteae</span> <span class='ocrx_word' id='word_1_107' title='bbox 594 1377 762 1423; x_wconf 86' lang='lat' dir='ltr'>trabes</span> <span class='ocrx_word' id='word_1_108' title='bbox 810 1385 862 1423; x_wconf 90' lang='lat' dir='ltr'>et</span> <span class='ocrx_word' id='word_1_109' title='bbox 907 1377 1166 1423; x_wconf 90' lang='lat' dir='ltr'>columnae</span> <span class='ocrx_word' id='word_1_110' title='bbox 1213 1385 1365 1440; x_wconf 87' lang='lat' dir='ltr'>atque</span> <span class='ocrx_word' id='word_1_111' title='bbox 1410 1380 1743 1439; x_wconf 86' lang='lat' dir='ltr'>parastaticae</span> 
     </span>
     <span class='ocr_line' id='line_1_18' title="bbox 277 1449 1742 1514; baseline 0.001 -18"><span class='ocrx_word' id='word_1_112' title='bbox 277 1458 542 1496; x_wconf 89' lang='lat' dir='ltr'>narrantur</span> <span class='ocrx_word' id='word_1_113' title='bbox 563 1454 692 1496; x_wconf 75' lang='lat' dir='ltr'>victo</span> <span class='ocrx_word' id='word_1_114' title='bbox 713 1451 731 1480; x_wconf 86' lang='lat'>5</span> <span class='ocrx_word' id='word_1_115' title='bbox 752 1449 979 1506; x_wconf 87' lang='lat' dir='ltr'>Sesostri,</span> <span class='ocrx_word' id='word_1_116' title='bbox 1001 1452 1223 1514; x_wconf 87' lang='lat' dir='ltr'>Aegypti</span> <span class='ocrx_word' id='word_1_117' title='bbox 1248 1467 1366 1513; x_wconf 89' lang='lat' dir='ltr'>rege</span> <span class='ocrx_word' id='word_1_118' title='bbox 1387 1457 1493 1496; x_wconf 91' lang='lat' dir='ltr'>tam</span> <span class='ocrx_word' id='word_1_119' title='bbox 1513 1451 1742 1512; x_wconf 89' lang='lat' dir='ltr'>superbo,</span> 
     </span>
     <span class='ocr_line' id='line_1_19' title="bbox 277 1523 1743 1587; baseline 0 -18"><span class='ocrx_word' id='word_1_120' title='bbox 277 1531 332 1570; x_wconf 87' lang='lat' dir='ltr'>ut</span> <span class='ocrx_word' id='word_1_121' title='bbox 366 1523 606 1585; x_wconf 89' lang='lat' dir='ltr'>prodatur</span> <span class='ocrx_word' id='word_1_122' title='bbox 639 1527 778 1570; x_wconf 90' lang='lat' dir='ltr'>annis</span> <span class='ocrx_word' id='word_1_123' title='bbox 813 1525 1091 1587; x_wconf 89' lang='lat' dir='ltr'>quibusque</span> <span class='ocrx_word' id='word_1_124' title='bbox 1125 1531 1258 1570; x_wconf 87' lang='lat' dir='ltr'>sorte</span> <span class='ocrx_word' id='word_1_125' title='bbox 1291 1540 1434 1587; x_wconf 90' lang='lat' dir='ltr'>reges</span> <span class='ocrx_word' id='word_1_126' title='bbox 1466 1523 1682 1586; x_wconf 90' lang='lat' dir='ltr'>singulos</span> <span class='ocrx_word' id='word_1_127' title='bbox 1715 1541 1743 1570; x_wconf 87' lang='lat' dir='ltr'>e</span> 
     </span>
     <span class='ocr_line' id='line_1_20' title="bbox 276 1597 1744 1660; baseline 0 -17"><span class='ocrx_word' id='word_1_128' title='bbox 276 1597 509 1643; x_wconf 90' lang='lat' dir='ltr'>subiectis</span> <span class='ocrx_word' id='word_1_129' title='bbox 539 1600 745 1660; x_wconf 89' lang='lat' dir='ltr'>iungere</span> <span class='ocrx_word' id='word_1_130' title='bbox 775 1598 838 1643; x_wconf 93' lang='lat' dir='ltr'>ad</span> <span class='ocrx_word' id='word_1_131' title='bbox 866 1615 1063 1643; x_wconf 85' lang='lat' dir='ltr'>currum</span> <span class='ocrx_word' id='word_1_132' title='bbox 1092 1597 1263 1644; x_wconf 89' lang='lat' dir='ltr'>solitus</span> <span class='ocrx_word' id='word_1_133' title='bbox 1292 1604 1445 1660; x_wconf 87' lang='lat' dir='ltr'>atque</span> <span class='ocrx_word' id='word_1_134' title='bbox 1473 1600 1545 1643; x_wconf 89' lang='lat' dir='ltr'>ita</span> <span class='ocrx_word' id='word_1_135' title='bbox 1572 1600 1744 1643; x_wconf 89' lang='lat' dir='ltr'>trium-</span> 
     </span>
     <span class='ocr_line' id='line_1_21' title="bbox 277 1670 445 1732; baseline 0.006 -16"><span class='ocrx_word' id='word_1_136' title='bbox 277 1670 445 1732; x_wconf 90' lang='lat' dir='ltr'>phare.</span> 
     </span>
    </p>

    <p class='ocr_par' dir='ltr' id='par_1_4' title="bbox 277 1743 1744 1953">
     <span class='ocr_line' id='line_1_22' title="bbox 339 1743 1744 1807; baseline 0 -18"><span class='ocrx_word' id='word_1_137' title='bbox 339 1743 473 1790; x_wconf 89' lang='lat' dir='ltr'>XVI.</span> <span class='ocrx_word' id='word_1_138' title='bbox 512 1744 578 1790; x_wconf 90' lang='lat' dir='ltr'>Et</span> <span class='ocrx_word' id='word_1_139' title='bbox 614 1761 700 1790; x_wconf 91' lang='lat' dir='ltr'>nos</span> <span class='ocrx_word' id='word_1_140' title='bbox 737 1743 942 1791; x_wconf 88' lang='lat' dir='ltr'>fecimus</span> <span class='ocrx_word' id='word_1_141' title='bbox 979 1761 1108 1807; x_wconf 87' lang='lat' dir='ltr'>quae</span> <span class='ocrx_word' id='word_1_142' title='bbox 1144 1747 1330 1806; x_wconf 89' lang='lat' dir='ltr'>posteri</span> <span class='ocrx_word' id='word_1_143' title='bbox 1364 1743 1590 1790; x_wconf 89' lang='lat' dir='ltr'>fabulosa</span> <span class='ocrx_word' id='word_1_144' title='bbox 1618 1744 1744 1790; x_wconf 89' lang='lat' dir='ltr'>arbi-</span> 
     </span>
     <span class='ocr_line' id='line_1_23' title="bbox 277 1817 1743 1880; baseline 0 -17"><span class='ocrx_word' id='word_1_145' title='bbox 277 1824 487 1864; x_wconf 89' lang='lat' dir='ltr'>trentur.</span> <span class='ocrx_word' id='word_1_146' title='bbox 556 1817 756 1873; x_wconf 90' lang='lat' dir='ltr'>Caesar,</span> <span class='ocrx_word' id='word_1_147' title='bbox 785 1822 867 1880; x_wconf 90' lang='lat' dir='ltr'>qui</span> <span class='ocrx_word' id='word_1_148' title='bbox 896 1826 1071 1880; x_wconf 90' lang='lat' dir='ltr'>postea</span> <span class='ocrx_word' id='word_1_149' title='bbox 1101 1818 1317 1864; x_wconf 89' lang='lat' dir='ltr'>dictator</span> <span class='ocrx_word' id='word_1_150' title='bbox 1343 1817 1456 1873; x_wconf 89' lang='lat' dir='ltr'>fuit,</span> <span class='ocrx_word' id='word_1_151' title='bbox 1482 1820 1668 1880; x_wconf 90' lang='lat' dir='ltr'>primus</span> <span class='ocrx_word' id='word_1_152' title='bbox 1693 1820 1743 1863; x_wconf 93' lang='lat' dir='ltr'>in</span> 
     </span>
     <span class='ocr_line' id='line_1_24' title="bbox 277 1890 1743 1953; baseline 0 -17"><span class='ocrx_word' id='word_1_153' title='bbox 277 1891 535 1937; x_wconf 86' lang='lat' dir='ltr'>aedilitate</span> <span class='ocrx_word' id='word_1_154' title='bbox 589 1908 795 1937; x_wconf 91' lang='lat' dir='ltr'>munere</span> <span class='ocrx_word' id='word_1_155' title='bbox 850 1895 1004 1953; x_wconf 87' lang='lat' dir='ltr'>patris</span> <span class='ocrx_word' id='word_1_156' title='bbox 1059 1890 1253 1936; x_wconf 87' lang='lat' dir='ltr'>funebri</span> <span class='ocrx_word' id='word_1_157' title='bbox 1311 1894 1443 1936; x_wconf 90' lang='lat' dir='ltr'>omni</span> <span class='ocrx_word' id='word_1_158' title='bbox 1497 1897 1743 1952; x_wconf 88' lang='lat' dir='ltr'>apparatu</span> 
     </span>
    </p>
   </div>
   <div class='ocr_carea' id='block_1_4' title="bbox 287 1988 1744 2348">
    <p class='ocr_par' dir='ltr' id='par_1_5' title="bbox 343 1988 1604 2038">
     <span class='ocr_line' id='line_1_25' title="bbox 343 1988 1604 2038; baseline 0 -12"><span class='ocrx_word' id='word_1_159' title='bbox 343 1989 357 2012; x_wconf 78' lang='lat'>1</span> <span class='ocrx_word' id='word_1_160' title='bbox 387 1989 464 2026; x_wconf 52' lang='grc' dir='ltr'>ΠΙ</span> <span class='ocrx_word' id='word_1_161' title='bbox 487 1989 594 2027; x_wconf 83' lang='lat' dir='ltr'>Ian:</span> <span class='ocrx_word' id='word_1_162' title='bbox 638 1999 721 2027; x_wconf 82' lang='lat' dir='ltr'>AVT</span> <span class='ocrx_word' id='word_1_163' title='bbox 741 1988 828 2028; x_wconf 72' lang='lat' dir='ltr'>cdd.</span> <span class='ocrx_word' id='word_1_164' title='bbox 853 1991 948 2037; x_wconf 82' lang='lat' dir='ltr'>(om.</span> <span class='ocrx_word' id='word_1_165' title='bbox 973 1989 1034 2028; x_wconf 89' lang='lat' dir='ltr'>B:</span> <span class='ocrx_word' id='word_1_166' title='bbox 1076 1988 1240 2038; x_wconf 82' lang='lat' dir='ltr'>argenti</span> <span class='ocrx_word' id='word_1_167' title='bbox 1261 1988 1320 2027; x_wconf 77' lang='lat' dir='ltr'>cd.</span> <span class='ocrx_word' id='word_1_168' title='bbox 1346 1989 1442 2027; x_wconf 84' lang='lat' dir='ltr'>Par.</span> <span class='ocrx_word' id='word_1_169' title='bbox 1467 1989 1604 2036; x_wconf 88' lang='grc'>6801).</span> 
     </span>
    </p>

    <p class='ocr_par' dir='ltr' id='par_1_6' title="bbox 287 2041 1744 2135">
     <span class='ocr_line' id='line_1_26' title="bbox 341 2041 1744 2093; baseline -0.001 -12"><span class='ocrx_word' id='word_1_170' title='bbox 341 2042 356 2065; x_wconf 83' lang='lat'><em>²</em></span> <span class='ocrx_word' id='word_1_171' title='bbox 384 2042 493 2081; x_wconf 69' lang='lat' dir='ltr'>solii]</span> <span class='ocrx_word' id='word_1_172' title='bbox 513 2043 596 2092; x_wconf 58' lang='lat' dir='ltr'>(Le.</span> <span class='ocrx_word' id='word_1_173' title='bbox 618 2043 790 2089; x_wconf 87' lang='lat' dir='ltr'>solium)</span> <span class='ocrx_word' id='word_1_174' title='bbox 812 2043 1021 2093; x_wconf 73' lang='lat' dir='ltr'>Mayhoff:</span> <span class='ocrx_word' id='word_1_175' title='bbox 1057 2042 1163 2081; x_wconf 86' lang='lat' dir='ltr'>solia</span> <span class='ocrx_word' id='word_1_176' title='bbox 1187 2055 1235 2080; x_wconf 86' lang='lat' dir='ltr'>ac</span> <span class='ocrx_word' id='word_1_177' title='bbox 1257 2042 1509 2081; x_wconf 73' lang='lat' dir='ltr'>Pintianzcs:</span> <span class='ocrx_word' id='word_1_178' title='bbox 1546 2041 1744 2080; x_wconf 80' lang='lat' dir='ltr'>foliatam</span> 
     </span>
     <span class='ocr_line' id='line_1_27' title="bbox 287 2095 915 2135; baseline 0 -1"><span class='ocrx_word' id='word_1_179' title='bbox 287 2095 389 2135; x_wconf 79' lang='lat' dir='ltr'>Ian:</span> <span class='ocrx_word' id='word_1_180' title='bbox 425 2096 527 2134; x_wconf 84' lang='lat' dir='ltr'>folia</span> <span class='ocrx_word' id='word_1_181' title='bbox 548 2096 606 2134; x_wconf 90' lang='lat' dir='ltr'>B:</span> <span class='ocrx_word' id='word_1_182' title='bbox 642 2096 743 2134; x_wconf 86' lang='lat' dir='ltr'>folia</span> <span class='ocrx_word' id='word_1_183' title='bbox 763 2109 811 2134; x_wconf 82' lang='lat' dir='ltr'>ac</span> <span class='ocrx_word' id='word_1_184' title='bbox 832 2096 915 2135; x_wconf 81' lang='lat' dir='ltr'>rell.</span> 
     </span>
    </p>

    <p class='ocr_par' dir='ltr' id='par_1_7' title="bbox 340 2148 862 2198">
     <span class='ocr_line' id='line_1_28' title="bbox 340 2148 862 2198; baseline 0 -10"><span class='ocrx_word' id='word_1_185' title='bbox 340 2148 356 2170; x_wconf 84' lang='lat'>³</span> <span class='ocrx_word' id='word_1_186' title='bbox 385 2161 413 2188; x_wconf 88' lang='lat' dir='ltr'>D</span> <span class='ocrx_word' id='word_1_187' title='bbox 435 2148 540 2188; x_wconf 78' lang='lat' dir='ltr'>coni.</span> <span class='ocrx_word' id='word_1_188' title='bbox 570 2149 862 2198; x_wconf 72' lang='lat' dir='ltr'>Warminqton.</span> 
     </span>
    </p>

    <p class='ocr_par' dir='ltr' id='par_1_8' title="bbox 287 2200 1744 2307">
     <span class='ocr_line' id='line_1_29' title="bbox 341 2200 1744 2254; baseline -0.001 -13"><span class='ocrx_word' id='word_1_189' title='bbox 341 2202 357 2225; x_wconf 78' lang='lat'><strong>⁴</strong></span> <span class='ocrx_word' id='word_1_190' title='bbox 386 2208 531 2254; x_wconf 83' lang='lat' dir='ltr'>patere</span> <span class='ocrx_word' id='word_1_191' title='bbox 560 2203 615 2241; x_wconf 80' lang='lat' dir='ltr'>M.</span> <span class='ocrx_word' id='word_1_192' title='bbox 648 2203 882 2253; x_wconf 69' lang='lat' dir='ltr'>Detlefsen:</span> <span class='ocrx_word' id='word_1_193' title='bbox 919 2215 1067 2254; x_wconf 86' lang='lat' dir='ltr'>capere</span> <span class='ocrx_word' id='word_1_194' title='bbox 1097 2202 1245 2241; x_wconf 78' lang='lat' dir='ltr'>Gelen:</span> <span class='ocrx_word' id='word_1_195' title='bbox 1281 2201 1462 2252; x_wconf 84' lang='lat' dir='ltr'>pendere</span> <span class='ocrx_word' id='word_1_196' title='bbox 1490 2207 1562 2240; x_wconf 76' lang='lat' dir='ltr'>aut</span> <span class='ocrx_word' id='word_1_197' title='bbox 1591 2200 1744 2240; x_wconf 84' lang='lat' dir='ltr'>habere</span> 
     </span>
     <span class='ocr_line' id='line_1_30' title="bbox 287 2254 1550 2307; baseline -0.002 -13"><span class='ocrx_word' id='word_1_198' title='bbox 287 2257 391 2295; x_wconf 82' lang='lat' dir='ltr'>coni.</span> <span class='ocrx_word' id='word_1_199' title='bbox 416 2256 633 2307; x_wconf 73' lang='lat' dir='ltr'>Mayhoffz</span> <span class='ocrx_word' id='word_1_200' title='bbox 668 2263 812 2307; x_wconf 83' lang='lat' dir='ltr'>patere</span> <span class='ocrx_word' id='word_1_201' title='bbox 833 2255 919 2294; x_wconf 79' lang='lat' dir='ltr'>cdd.</span> <span class='ocrx_word' id='word_1_202' title='bbox 943 2259 1152 2307; x_wconf 81' lang='lat' dir='ltr'>(paterem</span> <span class='ocrx_word' id='word_1_203' title='bbox 1172 2255 1231 2294; x_wconf 84' lang='lat' dir='ltr'>cd.</span> <span class='ocrx_word' id='word_1_204' title='bbox 1255 2254 1369 2294; x_wconf 76' lang='lat' dir='ltr'>Leid.</span> <span class='ocrx_word' id='word_1_205' title='bbox 1402 2255 1550 2303; x_wconf 77' lang='lat' dir='ltr'>Voss.).</span> 
     </span>
    </p>

    <p class='ocr_par' dir='ltr' id='par_1_9' title="bbox 342 2309 867 2348">
     <span class='ocr_line' id='line_1_31' title="bbox 342 2309 867 2348; baseline 0.002 -2"><span class='ocrx_word' id='word_1_206' title='bbox 342 2309 356 2332; x_wconf 80' lang='lat'>⁵</span> <span class='ocrx_word' id='word_1_207' title='bbox 388 2310 525 2348; x_wconf 78' lang='lat' dir='ltr'>victae</span> <span class='ocrx_word' id='word_1_208' title='bbox 546 2310 604 2348; x_wconf 79' lang='lat' dir='ltr'>cd.</span> <span class='ocrx_word' id='word_1_209' title='bbox 630 2310 726 2348; x_wconf 76' lang='lat' dir='ltr'>Par.</span> <span class='ocrx_word' id='word_1_210' title='bbox 751 2311 867 2347; x_wconf 75' lang='lat'>6801.</span> 
     </span>
    </p>
   </div>
   <div class='ocr_carea' id='block_1_5' title="bbox 284 2432 1743 2590">
    <p class='ocr_par' dir='ltr' id='par_1_10' title="bbox 284 2432 1743 2590">
     <span class='ocr_line' id='line_1_32' title="bbox 339 2432 1314 2484; baseline -0.002 -12"><span class='ocrx_word' id='word_1_211' title='bbox 339 2439 357 2458; x_wconf 77' lang='lat'><strong><em>⁰</em></strong></span> <span class='ocrx_word' id='word_1_212' title='bbox 385 2433 600 2483; x_wconf 83' lang='lat' dir='ltr'>Probably</span> <span class='ocrx_word' id='word_1_213' title='bbox 623 2432 696 2471; x_wconf 83' lang='lat' dir='ltr'>the</span> <span class='ocrx_word' id='word_1_214' title='bbox 719 2432 831 2484; x_wconf 80' lang='lat' dir='ltr'>right</span> <span class='ocrx_word' id='word_1_215' title='bbox 854 2432 1025 2482; x_wconf 85' lang='lat' dir='ltr'>reading</span> <span class='ocrx_word' id='word_1_216' title='bbox 1049 2432 1082 2470; x_wconf 87' lang='lat' dir='ltr'>is</span> <span class='ocrx_word' id='word_1_217' title='bbox 1108 2443 1136 2470; x_wconf 89' lang='lat' dir='ltr'>D</span> <span class='ocrx_word' id='word_1_218' title='bbox 1160 2450 1201 2464; x_wconf 89' lang='lat'>=</span> <span class='ocrx_word' id='word_1_219' title='bbox 1224 2433 1314 2471; x_wconf 88' lang='lat'>500.</span> 
     </span>
     <span class='ocr_line' id='line_1_33' title="bbox 341 2483 1743 2537; baseline -0.002 -12"><span class='ocrx_word' id='word_1_220' title='bbox 341 2487 355 2510; x_wconf 59' lang='grc' dir='ltr'>ὓ</span> <span class='ocrx_word' id='word_1_221' title='bbox 385 2487 472 2525; x_wconf 90' lang='lat' dir='ltr'>The</span> <span class='ocrx_word' id='word_1_222' title='bbox 496 2486 643 2537; x_wconf 79' lang='lat' dir='ltr'>legend</span> <span class='ocrx_word' id='word_1_223' title='bbox 667 2499 751 2524; x_wconf 85' lang='lat' dir='ltr'>was</span> <span class='ocrx_word' id='word_1_224' title='bbox 775 2486 871 2524; x_wconf 81' lang='lat' dir='ltr'>that</span> <span class='ocrx_word' id='word_1_225' title='bbox 898 2486 1076 2524; x_wconf 78' lang='lat' dir='ltr'>Phrixus</span> <span class='ocrx_word' id='word_1_226' title='bbox 1100 2485 1189 2524; x_wconf 83' lang='lat' dir='ltr'>flew</span> <span class='ocrx_word' id='word_1_227' title='bbox 1214 2485 1331 2523; x_wconf 84' lang='lat' dir='ltr'>there</span> <span class='ocrx_word' id='word_1_228' title='bbox 1355 2498 1409 2523; x_wconf 91' lang='lat' dir='ltr'>on</span> <span class='ocrx_word' id='word_1_229' title='bbox 1432 2497 1457 2523; x_wconf 86' lang='lat' dir='ltr'>a</span> <span class='ocrx_word' id='word_1_230' title='bbox 1480 2497 1571 2523; x_wconf 86' lang='lat' dir='ltr'>ram</span> <span class='ocrx_word' id='word_1_231' title='bbox 1595 2483 1695 2523; x_wconf 77' lang='lat' dir='ltr'>with</span> <span class='ocrx_word' id='word_1_232' title='bbox 1718 2497 1743 2522; x_wconf 87' lang='lat' dir='ltr'>a.</span> 
     </span>
     <span class='ocr_line' id='line_1_34' title="bbox 284 2537 1743 2590; baseline -0.002 -11"><span class='ocrx_word' id='word_1_233' title='bbox 284 2541 405 2579; x_wconf 86' lang='lat' dir='ltr'>fleeee</span> <span class='ocrx_word' id='word_1_234' title='bbox 427 2540 474 2579; x_wconf 90' lang='lat' dir='ltr'>of</span> <span class='ocrx_word' id='word_1_235' title='bbox 489 2540 586 2590; x_wconf 81' lang='lat' dir='ltr'>gold</span> <span class='ocrx_word' id='word_1_236' title='bbox 610 2546 656 2578; x_wconf 79' lang='lat' dir='ltr'>to</span> <span class='ocrx_word' id='word_1_237' title='bbox 677 2552 825 2590; x_wconf 86' lang='lat' dir='ltr'>escape</span> <span class='ocrx_word' id='word_1_238' title='bbox 847 2539 955 2577; x_wconf 90' lang='lat' dir='ltr'>from</span> <span class='ocrx_word' id='word_1_239' title='bbox 979 2539 1041 2577; x_wconf 84' lang='lat' dir='ltr'>his</span> <span class='ocrx_word' id='word_1_240' title='bbox 1064 2538 1339 2589; x_wconf 83' lang='lat' dir='ltr'>stepmother,</span> <span class='ocrx_word' id='word_1_241' title='bbox 1363 2537 1446 2576; x_wconf 88' lang='lat' dir='ltr'>and</span> <span class='ocrx_word' id='word_1_242' title='bbox 1471 2537 1650 2576; x_wconf 89' lang='lat' dir='ltr'>married</span> <span class='ocrx_word' id='word_1_243' title='bbox 1672 2537 1743 2576; x_wconf 82' lang='lat' dir='ltr'>the</span> 
     </span>
    </p>
   </div>
   <div class='ocr_carea' id='block_1_6' title="bbox 279 2632 332 2670">
    <p class='ocr_par' dir='ltr' id='par_1_11' title="bbox 279 2632 332 2670">
     <span class='ocr_line' id='line_1_35' title="bbox 279 2632 332 2670; baseline 0 -9"><span class='ocrx_word' id='word_1_244' title='bbox 279 2632 332 2670; x_wconf 78' lang='lat'>42</span> 
     </span>
    </p>
   </div>
  </div>
 </body>
</html>
