1899 3015
247 497 318 535 162

245 1017 316 1054 163

244 1751 317 1789 164

597 214 840 262 PLINY:
898 213 1225 261 NATURAL
1269 210 1561 261 HISTORY

349 344 517 390 umida
550 351 640 389 est.
713 343 822 388 ideo
855 342 1022 388 album
1054 342 1171 387 nulli
1206 345 1274 386 rei
1307 345 1411 387 sine
1443 345 1661 387 mixtura
1692 341 1812 387 utile

350 424 440 463 est.
509 433 672 479 neque
718 423 981 478 argentum
1027 432 1087 461 ex
1134 432 1191 461 eo
1236 415 1537 476 plumbatur,
1582 417 1812 476 quoniam

351 494 485 553 prius
527 490 766 552 liquescat
807 496 1087 552 argentum,
1128 490 1536 550 confirmantque,
1576 491 1614 533 si
1655 491 1814 533 minus

350 564 461 609 albo
501 567 644 626 nigri,
687 579 835 625 quam
876 566 994 608 satis
1035 565 1114 616 sit,
1156 566 1437 616 misceatur,
1478 561 1613 607 erodi
1654 562 1715 607 ab
1757 577 1814 607 eo

350 644 627 699 argentum.
699 636 865 682 album
907 639 1187 698 incoquitur
1230 639 1384 681 aereis
1428 635 1657 697 operibus
1701 634 1813 680 Gal-

352 710 524 756 liarum
552 714 753 755 invento
781 713 867 764 ita,
895 716 951 755 ut
978 712 1055 755 vix
1084 709 1291 754 discerni
1321 711 1473 770 possit
1501 709 1563 754 ab
1591 715 1814 771 argento,

353 807 513 852 eaque
571 790 814 836 incoctilia
871 789 1138 851 appellant.
1208 789 1388 834 deinde
1446 795 1498 834 et
1553 795 1815 851 argentum

351 867 612 925 incoquere
663 863 803 908 simili
856 863 1001 908 modo
1050 878 1258 923 coepere
1310 878 1549 923 equorum
1598 865 1813 907 maxime

349 940 650 982 ornamentis
698 940 1131 997 iumentorumque
1177 952 1232 981 ac
1287 939 1512 997 iugorum
1556 937 1605 980 in
1649 934 1815 980 Alesia

351 1010 560 1072 Oppid03
638 1010 824 1071 reliqua
882 1009 1037 1072 gloria
1095 1009 1372 1071 Biturigum
1432 1007 1540 1053 fuit.
1609 1024 1816 1070 coepere

349 1083 530 1130 deinde
554 1091 605 1128 et
629 1084 802 1129 esseda
825 1099 911 1128 sua
934 1082 1236 1144 colisataque
1260 1099 1315 1127 ae
1338 1085 1554 1143 petorita
1578 1098 1815 1127 exornare

351 1157 492 1202 simili
521 1157 684 1210 modo,
713 1173 841 1218 quae
869 1159 964 1201 iam
994 1155 1187 1201 luxuria
1213 1156 1275 1201 ad
1303 1172 1452 1201 aurea
1479 1171 1693 1217 quoque,
1720 1172 1816 1201 non

349 1231 497 1276 modo
552 1237 809 1292 argentea,
864 1229 1096 1275 staticula
1116 1229 1133 1257 1
1187 1231 1431 1291 pervenit,
1487 1244 1714 1291 quaeque
1768 1231 1815 1273 in

348 1303 542 1367 scyphis
563 1307 694 1348 cerni
715 1303 977 1366 prodigum
997 1301 1016 1329 2
1045 1310 1169 1357 erat,
1188 1302 1311 1348 haec
1331 1305 1378 1347 in
1399 1301 1632 1347 vehiculis
1658 1302 1814 1348 adteri

348 1377 509 1423 cultus
530 1384 746 1423 vocatur.

433 1451 618 1512 plumbi
646 1450 742 1495 albi
770 1453 1170 1511 experimentum
1195 1453 1244 1494 in
1268 1448 1440 1494 charta
1466 1455 1558 1503 est,
1584 1456 1640 1495 ut
1665 1448 1816 1510 lique-

349 1523 536 1570 factum
567 1524 785 1585 pondere
811 1524 1054 1578 videatur,
1085 1540 1181 1568 non
1207 1522 1385 1576 calore,
1412 1525 1614 1584 rupisse.
1677 1522 1815 1568 India

350 1614 513 1659 neque
560 1614 642 1643 aes
690 1613 852 1658 neque
898 1597 1157 1659 plumbum
1205 1595 1358 1642 habet
1403 1599 1715 1659 gemmisque
1761 1612 1817 1641 ac

349 1674 627 1733 margaritis
655 1674 751 1716 suis
778 1670 900 1715 haec
926 1677 1195 1731 permutat.

416 1744 596 1789 XLIX.
637 1745 788 1806 Nigro
805 1744 1009 1805 plumbo
1028 1744 1088 1789 ad
1108 1743 1294 1789 fistulas
1312 1742 1598 1805 lamnasque
1615 1746 1815 1797 utimur,

352 1817 635 1863 laboriosius
675 1821 720 1862 in
764 1818 1000 1878 Hispania
1040 1824 1182 1862 eruto
1221 1824 1452 1878 totasque
1490 1833 1579 1878 per
1616 1816 1815 1870 Gallias,

350 1908 401 1936 se
439 1891 521 1937 din
551 1890 828 1936 Brittannia
858 1907 1049 1936 summo
1079 1897 1241 1935 terrae
1270 1893 1399 1936 corio
1427 1890 1552 1936 adeo
1580 1889 1732 1953 large,
1761 1896 1815 1935 ut

351 1964 426 2010 lex
471 1965 733 2010 interdicat
774 1964 869 2010 ut3
910 1980 972 2009 ne
1013 1963 1120 2025 plus
1161 1971 1296 2009 certo
1335 1963 1482 2009 modo
1521 1963 1622 2009 fiat.
1690 1966 1814 2026 nigri

414 2082 425 2103 ¹
459 2081 651 2119 vehicula
676 2081 734 2119 cd.
762 2081 859 2119 Par.
887 2082 1005 2127 6801,
1032 2080 1090 2120 cd.
1117 2080 1215 2119 Par.
1243 2080 1334 2119 Lat.
1359 2081 1477 2126 6797,
1501 2081 1585 2118 m.2
1611 2080 1656 2118 in
1679 2093 1759 2118 ras.

415 2136 428 2156 ²
463 2134 537 2174 Ill.
561 2136 815 2186 prodigium.

407 2189 423 2212 ³
452 2187 519 2226 lex
548 2188 773 2226 interdicat
800 2192 848 2225 ut
877 2187 939 2225 M.
969 2187 1118 2225 Hertz:
1163 2186 1230 2225 lex
1258 2186 1370 2224 ultro
1397 2186 1563 2225 dicatur
1588 2185 1703 2226 cdd.:
1747 2186 1814 2224 lex

355 2255 501 2280 cavere
545 2241 712 2280 dlcatur
762 2240 950 2279 Urlichs:
1013 2240 1080 2278 lex
1125 2240 1391 2279 custodiatur
1434 2239 1664 2291 Deilessen:
1725 2239 1814 2291 lege

354 2295 631 2333 interdicatur
654 2295 801 2333 Brzmn
820 2310 828 2333 :
870 2307 945 2332 nee
969 2293 1247 2332 interdicatur
1268 2294 1373 2332 coni.
1399 2293 1601 2344 Mayhoff.

405 2436 421 2452 ‘¹
453 2430 538 2468 But
563 2430 688 2468 silver
713 2429 813 2467 does
839 2434 907 2467 nol
933 2428 1036 2467 melt
1060 2442 1211 2467 sooner
1236 2428 1342 2467 than
1368 2427 1377 2443 ⁶
1397 2428 1524 2467 white
1548 2427 1642 2466 lead
1661 2427 1671 2443 ’
1697 2428 1811 2479 (tin).

355 2482 1162 2575 Μέᾖὲξῖῗὲἒὲῖἑῖἶἓοόῖἐίἒὲἶῗὲιὲεἶθΐθ·

348 2627 432 2668 244
