1873 3020
234 477 282 516 91

239 1074 288 1107 (γ)

240 1808 289 1844 93

572 208 812 253 PLINY:
870 207 1195 253 NATURAL
1239 205 1531 252 HISTORY

322 337 496 383 flentes
561 343 813 382 matronas
883 343 935 380 et
1003 335 1267 380 adorantes
1334 334 1780 396 sacrificantesque.

321 403 487 449 Simon
550 419 725 448 canem
789 409 841 447 et
902 405 1217 464 sagittarium
1279 399 1416 455 fecit,
1478 399 1783 446 Stratonicus

320 470 539 516 caelator
575 469 655 515 ille
692 467 1023 530 philosophos,
1057 484 1203 529 copas
1225 466 1242 495 1
1276 474 1487 528 uterque
1504 466 1537 520 ;2
1569 465 1783 512 athletas

320 544 489 582 autem
508 543 559 582 et
578 542 793 581 armatos
812 542 864 581 et
880 541 1140 580 venatores
1157 533 1587 595 sacrificantesque
1607 532 1784 587 Baton,

321 602 518 657 Euchir,
572 602 854 655 GlaucideS,
905 600 1217 654 HeliodoruS,
1267 600 1503 654 Hicanus,
1558 598 1786 660 Iophon,³

322 669 504 731 Lyson,
559 668 713 723 Leon,
775 668 1095 722 MenodorUS,
1169 666 1425 728 Myagrus,
1484 664 1785 728 Polycrates,

323 735 593 798 Polyidus‚4
641 734 974 797 Pythocritus,
1019 733 1340 795 Protogenes,
1382 732 1513 777 idem
1556 735 1713 793 pictor
1759 748 1786 777 e

321 803 615 855 clarissimis,
635 809 691 846 ut
716 801 953 854 dicemus,
980 799 1268 854 Patrocles,⁵
1294 798 1456 852 Pollis,
1483 797 1786 853 Posidonius,

321 872 401 930 qui
431 876 482 914 et
507 875 770 930 argentum
796 867 1008 913 caelavit
1034 865 1280 920 nobiliter,
1300 868 1501 910 natione
1527 864 1785 926 Ephesius,

323 935 707 997 Periclymenus,
735 933 924 986 Philon,
950 932 1211 995 Symenus,
1243 931 1549 985 Timotheus,
1578 931 1787 977 Theom-

323 1009 509 1056 nestus,
533 1000 886 1054 Timarchides,
911 1001 1103 1054 Timon,
1127 999 1300 1054 Tisias,
1322 998 1363 1043 T
1366 997 1558 1043 hrason.

386 1069 460 1113 Ex
485 1068 710 1113 omnibus
735 1075 903 1112 autem
929 1069 1145 1111 maxime
1168 1067 1459 1128 cognomine
1482 1067 1684 1126 insignis
1709 1072 1786 1109 est

322 1134 667 1188 Callimachus,
725 1149 922 1195 semper
977 1132 1306 1178 calumniator
1361 1134 1434 1176 sui
1492 1146 1582 1176 nec
1640 1130 1785 1176 finem

322 1201 550 1247 habentis
595 1200 902 1262 diligentiae,
946 1199 1008 1244 ob
1052 1199 1102 1244 id
1144 1196 1577 1244 catatexitechnus
1621 1197 1786 1258 appel-

321 1267 467 1322 latus,
514 1266 822 1312 memorabili
846 1266 864 1295 ⁶
913 1265 1142 1327 exemplo
1199 1263 1467 1310 adhibendi
1532 1270 1585 1309 et
1642 1280 1788 1309 curae

323 1334 538 1380 modum.
607 1333 749 1379 huius
770 1340 886 1379 sunt
904 1332 1145 1378 saltantes
1168 1331 1447 1385 Lacaenae,
1467 1330 1786 1376 emendatum

322 1417 460 1462 opus,
481 1400 569 1446 sed
589 1403 639 1445 in
660 1416 757 1462 quo
776 1402 990 1462 gratiam
1012 1414 1209 1444 omnem
1230 1397 1489 1460 diligentia
1509 1396 1785 1442 abstulerit.

322 1467 450 1513 hunc
483 1467 683 1530 quidem
716 1473 768 1512 et
799 1469 1039 1528 pictorem
1071 1464 1221 1510 fuisse
1252 1464 1473 1510 tradunt.
1543 1480 1640 1509 non
1671 1479 1786 1509 aere

324 1541 499 1596 captus
550 1550 641 1579 nec
690 1540 815 1588 arte,
865 1549 1015 1578 unam
1064 1538 1263 1578 tantum
1312 1531 1520 1576 Zenonis
1568 1537 1786 1576 statuam

324 1601 505 1662 Cypria
557 1600 875 1661 expeditione
928 1616 1023 1644 non
1073 1598 1296 1644 vendidit
1345 1597 1488 1651 Cato,
1537 1596 1626 1642 sed
1673 1599 1788 1659 quia

326 1666 597 1728 philosophi
631 1674 757 1720 erat,
789 1673 845 1711 ut.
877 1666 1039 1711 obiter
1070 1664 1161 1710 hoc
1193 1680 1390 1727 quoque
1422 1669 1653 1709 noscatur
1682 1670 1787 1708 tam

325 1737 513 1796 insigne
534 1733 551 1762 ⁷
578 1732 876 1794 exemplum.

388 1801 445 1845 In
487 1803 741 1845 mentione
777 1806 1057 1845 statuarum
1095 1804 1172 1843 est
1214 1803 1267 1843 et
1301 1812 1401 1842 una
1437 1812 1533 1842 non
1569 1803 1788 1857 praeter-

389 1909 401 1932 ¹
432 1921 559 1959 copas
584 1907 788 1947 Gerhard:
832 1919 993 1958 scopas.

385 1962 400 1985 ²
429 1967 607 2012 uterque
636 1961 722 2000 cdd.
755 1964 975 2010 (utrosque
1005 1959 1076 2006 B1‚
1108 1964 1289 2009 utraque
1319 1958 1419 2007 B2):
1468 1962 1671 2007 utrasque
1700 1956 1786 1996 edd.

332 2019 415 2053 veti.

384 2070 399 2092 ³
430 2068 596 2120 Iophon
645 2067 818 2107 Urlichs:
882 2065 1084 2118 Leophon
1128 2066 1276 2116 Silliq:
1339 2063 1573 2116 Herophon
1617 2063 1785 2113 Loewy:

330 2122 515 2173 olophon
539 2122 601 2160 R:
642 2120 801 2172 Iophon
826 2121 908 2160 rell.

385 2176 400 2199 ‘²
431 2175 667 2225 Polydorus
692 2174 936 2213 Hermolaus
961 2173 1182 2212 Barbarus.

389 2229 403 2251 ⁵
434 2229 654 2267 Patroclus
677 2229 782 2267 coni.
807 2227 928 2276 Silliq
948 2225 1034 2264 coll.
1056 2227 1074 2275 ἓ
1095 2226 1159 2265 50.

388 2283 403 2305 ⁶
434 2281 697 2320 memorabili
725 2281 774 2326 B,
804 2280 862 2319 cd.
895 2281 990 2319 Par.
1022 2281 1152 2318 6801:
1203 2277 1488 2317 memorabilis
1515 2277 1598 2316 rell.

391 2335 404 2357 ⁷
433 2336 592 2386 insigne
618 2335 871 2373 Pincianus:
914 2334 1050 2372 inane.

380 2453 397 2470 ⁰
426 2447 515 2486 The
542 2445 744 2485 doubtful
774 2448 870 2484 text
899 2457 998 2495 may
1033 2444 1204 2483 contain
1236 2442 1311 2482 the
1341 2454 1467 2481 name
1497 2441 1679 2492 Scopas;
1720 2453 1788 2481 see

328 2500 488 2539 critical
507 2504 643 2539 notes.

381 2551 396 2576 ⁶
426 2551 772 2604 κατατηξίτεχνος,
797 2565 874 2590 one
899 2551 990 2589 who
1013 2554 1164 2589 wastes
1187 2549 1249 2588 his
1272 2548 1368 2588 skill
1389 2548 1430 2586 in
1453 2547 1641 2587 driblots.

330 2637 411 2680 194
