1873 3020
197 494 247 532 53

200 1301 251 1338 54

531 206 774 255 PLINY:
831 205 1158 253 NATURAL
1200 202 1494 250 HISTORY

279 338 475 401 probati
539 343 731 390 tamen,
796 332 1064 388 Antaeus,1
1129 331 1460 385 Callistratus,
1525 328 1745 392 Polycles

279 412 590 464 Athenaeus,
613 408 916 462 Callixenus‚
940 405 1222 469 PythocleS‚
1245 404 1469 468 Pythias,
1488 403 1744 449 Timocles.

344 485 423 530 Ita
469 484 714 529 distinctis
759 480 1193 526 celeberrimorum
1237 478 1488 523 aetatibus
1531 479 1746 539 insignes

278 561 461 621 raptim
523 564 876 608 transcurram,
937 553 1125 615 reliqua
1186 551 1507 597 multitudine
1565 552 1747 612 passim

278 632 516 694 dispersa.
584 644 766 675 venere
789 634 960 673 autem
984 633 1036 672 et
1057 629 1107 671 in
1129 633 1385 671 certamen
1404 623 1748 678 laudatissimi,

281 720 585 768 quamquam
602 702 803 749 diversis
820 700 1072 747 aetatibus
1088 702 1264 761 geniti,
1279 701 1512 760 quoniam
1526 695 1750 743 fecerant

280 780 580 832 Amazonas,
621 791 750 839 quae
792 791 904 820 cum
945 777 995 819 in
1035 772 1225 834 templo
1267 772 1462 818 Dianae
1502 770 1748 832 Ephesiae

280 852 583 905 dicarentur,
645 849 835 912 placuit
898 847 1011 909 eligi
1074 846 1473 908 probatissimam
1534 847 1748 906 ipsorum

281 925 544 979 artificum,
609 926 693 985 qui
758 927 1049 984 praesentes
1115 926 1276 974 erant,
1340 918 1536 972 iudicio,
1598 916 1749 963 cum2

281 1002 513 1061 apparuit
556 1014 668 1043 eam
711 1012 837 1050 esse,
880 1011 1031 1056 quam
1072 1009 1243 1039 omnes
1284 991 1554 1038 secundam
1594 1007 1623 1036 a
1662 1007 1749 1036 sua

281 1076 490 1135 quisque
537 1071 856 1116 iudicassent.
926 1067 1051 1113 haec
1107 1074 1185 1112 est
1239 1064 1483 1128 Polycliti,
1527 1067 1750 1126 proxima

281 1146 344 1192 ab
395 1162 455 1191 ea
505 1144 730 1197 Phidiae,
779 1144 932 1188 tertia
981 1139 1243 1194 Cresilae,3
1291 1145 1470 1201 quarta
1519 1137 1752 1201 Cydonis,

281 1222 457 1282 quinta
481 1217 820 1263 Phradmonis.

347 1292 546 1338 Phidias
592 1297 794 1353 praeter
842 1289 1012 1335 Iovem
1058 1287 1365 1351 Olympium,
1411 1302 1561 1348 quem
1605 1301 1752 1332 nemo

284 1365 583 1419 aemulatur,
643 1364 763 1410 fecit
824 1380 884 1408 ex
946 1362 1095 1408 ebore
1154 1359 1414 1423 auroque4
1473 1359 1752 1405 Minervam

283 1440 513 1493 Athenis,
541 1455 669 1500 quae
699 1444 775 1483 est
802 1440 851 1482 in
879 1435 1196 1482 Parthenone
1223 1441 1380 1489 stans,
1408 1450 1470 1479 ex
1497 1449 1611 1478 aere
1637 1449 1753 1479 vero

284 1521 484 1576 praeter
532 1513 840 1558 Amazonem
888 1526 1037 1572 supra
1085 1509 1272 1554 dictam
1323 1507 1603 1553 Minervam
1646 1513 1753 1552 tarn

285 1590 497 1633 eximiae
513 1584 911 1647 pulchritudinis,
926 1590 981 1628 ut
997 1581 1186 1628 formae
1200 1597 1475 1643 cognomen
1490 1583 1751 1642 acceperit.

284 1660 402 1706 fecit
430 1667 480 1705 et
507 1658 787 1705 cliduchum
815 1664 865 1703 et
892 1656 1039 1701 aliam
1069 1655 1366 1709 Minervam,
1392 1670 1542 1716 quam
1566 1653 1753 1699 Romae

286 1733 465 1779 Paulus
504 1732 744 1778 Aemilius
781 1731 844 1776 ad
881 1730 1059 1775 aedem
1096 1729 1349 1774 Fortunae
1385 1727 1603 1774 Huiusce
1640 1727 1753 1773 Diei

284 1807 486 1861 dicavit,
509 1810 630 1851 item
655 1806 752 1851 duo
775 1808 934 1866 signa,
958 1819 1087 1865 quae
1111 1802 1317 1848 Catulus
1340 1804 1388 1847 in
1413 1801 1591 1847 eadem
1612 1800 1754 1856 aede,

285 1880 493 1942 palliata
542 1887 594 1925 et
643 1879 856 1924 alterum
904 1876 1170 1922 colossicon
1218 1875 1424 1929 nudum,
1469 1877 1754 1936 primusque

287 1961 447 1999 artem
511 1955 793 1999 toreuticen
857 1953 1109 2013 aperuisse
1173 1956 1326 2012 atque
1389 1948 1754 1995 demonstrasse

287 2031 463 2073 inci-ito
487 2027 748 2072 iudicatur.

460 2126 471 2148 ¹
503 2124 695 2163 Antheus
722 2122 807 2161 edd.
838 2128 927 2162 vett.

459 2179 474 2202 ²
503 2182 595 2216 tum
618 2177 664 2215 Ο.
686 2176 816 2215 Jahn.

458 2232 473 2255 ³
503 2230 667 2270 clesilae
693 2231 755 2268 B:
799 2228 978 2268 Ctesilae
1005 2228 1123 2267 Galen
1144 2243 1152 2266 z
1195 2226 1366 2266 Ctesilai
1391 2225 1624 2266 Hardouin.

458 2285 474 2308 ⁴
503 2297 691 2334 auroque
715 2284 820 2322 coni.
849 2282 1064 2332 Mayshoff:
1108 2293 1254 2330 aeque.

349 2385 367 2402 ‘²
396 2379 520 2419 Some
541 2377 720 2416 blunder
740 2377 816 2414 has
839 2375 1053 2426 produced
1076 2388 1101 2413 a
1121 2387 1214 2414 new
1233 2375 1359 2413 artist
1380 2377 1456 2412 out
1477 2372 1524 2412 of
1540 2373 1614 2413 the
1632 2385 1757 2412 name

295 2434 500 2484 Cydonia,
522 2429 737 2471 Cresilas's
759 2429 1010 2480 birthplace.

349 2487 363 2511 θ
393 2485 580 2535 Perhaps
601 2483 923 2533 Callimorphos,
949 2482 957 2497 ‘
978 2482 1057 2520 fair
1079 2480 1127 2519 of
1143 2480 1282 2519 form.‘

347 2546 360 2563 ⁰
389 2541 424 2578 A
446 2539 642 2590 priestess
662 2536 882 2588 probably,
908 2536 984 2574 but
1005 2534 1192 2586 possibly
1214 2533 1491 2584 Persephone.

292 2618 376 2663 166
