1873 3020
220 1028 270 1065 94

219 2067 269 2105 95

555 196 796 243 PLINY:
853 196 1179 242 NATURAL
1221 195 1515 243 HISTORY

304 326 484 380 eunda,
542 342 843 387 quamquam
893 327 1104 370 auctoris
1152 327 1344 378 incerti,
1402 328 1541 370 iuxta
1593 331 1766 378 rostra,

306 413 529 459 Herculis
560 415 786 465 tunicati,
816 411 918 457 sola
949 427 1007 457 eo
1036 410 1210 456 habitu
1242 411 1445 465 Romae,
1474 418 1614 457 torva
1641 410 1767 458 facie

303 498 661 561 sentiensque1
704 514 935 559 suprema
977 497 1216 543 tunicae.2
1283 500 1331 542 in
1372 497 1464 543 hac
1505 504 1606 543 tres
1652 505 1769 544 sunt

305 586 463 632 tituli:
523 586 577 631 L.
623 584 812 631 Luculli
857 587 1167 646 imperatoris
1209 585 1273 630 de
1314 585 1576 640 manubiis,
1615 585 1768 631 alter:

305 672 542 735 pupillum
579 670 767 718 Luculli
803 671 954 717 filium
991 688 1052 716 ex
1086 670 1132 716 S.
1169 670 1222 717 C.
1258 671 1530 726 dedicasse,
1563 674 1768 718 tertius:

303 760 356 805 T.
410 759 706 821 Septimium
757 757 994 803 Sabinum
1046 757 1155 803 aed.
1208 775 1307 803 cur.
1362 774 1423 804 ex
1474 761 1668 820 privato
1718 761 1768 805 in

303 846 553 909 publicum
611 849 902 891 restituisse.
971 853 1049 891 tot
1107 847 1435 891 certaminum
1493 852 1769 909 tantaeque

303 934 602 996 dignationis
625 932 937 978 simulacrum
963 933 1011 978 id
1034 931 1143 978 fuit.

368 1020 477 1065 XX.
516 1019 658 1065 Nunc
689 1018 1101 1081 praevertemur3
1132 1019 1194 1065 ad
1226 1018 1528 1065 differentias
1561 1023 1685 1066 aeris
1718 1028 1770 1067 et

304 1110 559 1152 mixturas.
628 1109 677 1151 in
723 1106 905 1168 Cyprio
951 1105 1277 1167 [coronarium
1325 1113 1376 1151 et
1421 1105 1648 1168 regulare
1693 1115 1770 1153 est

305 1201 570 1255 utrumque
601 1192 806 1256 ductile]
828 1192 847 1220 4
877 1195 1184 1238 coronarium
1217 1199 1454 1238 tenuatur
1484 1195 1533 1238 in
1562 1192 1768 1249 lamnas,

304 1288 659 1341 taurorumque
697 1278 812 1324 felle
850 1282 1062 1325 tinctum
1100 1282 1315 1340 speciem
1353 1282 1457 1324 auri
1495 1281 1543 1324 in
1581 1284 1768 1326 coronis

305 1366 596 1412 histrionum
631 1366 859 1427 praebet,
894 1366 1127 1427 idemque
1162 1368 1211 1410 in
1247 1369 1413 1411 uncias
1449 1366 1629 1412 additis
1665 1370 1767 1413 auri

303 1453 521 1514 scripulis
572 1456 701 1498 senis
754 1456 1015 1514 praetenui
1066 1455 1239 1514 pyropi
1291 1453 1492 1498 brattea
1542 1456 1766 1515 ignescit.

304 1540 529 1602 regulare
565 1546 617 1585 et
651 1542 701 1585 in
736 1539 840 1584 aliis
878 1539 933 1585 fit
967 1538 1199 1593 metallis,
1224 1542 1447 1601 itemque
1481 1539 1766 1587 caldarium.

302 1625 580 1672 differentia
614 1626 744 1688 quod
775 1626 1046 1671 caldarium
1078 1624 1302 1671 funditur
1331 1633 1548 1680 tantum,
1580 1626 1767 1673 malleis

302 1712 495 1776 fragile,
534 1714 710 1775 quibus
749 1712 976 1775 regulare
1015 1713 1304 1774 obsequitur
1341 1713 1403 1758 ab
1441 1712 1545 1759 aliis
1583 1713 1768 1761 ductile

303 1799 626 1862 appellatum,
672 1800 818 1862 quale
861 1816 1007 1845 omne
1052 1799 1287 1862 Cyprium
1333 1807 1423 1845 est.
1491 1800 1580 1846 sed
1624 1807 1676 1846 et
1718 1804 1766 1847 in

302 1890 478 1933 ceteris
513 1886 726 1932 metallis
761 1903 878 1932 cura
911 1886 1066 1932 distat
1099 1903 1128 1931 a
1161 1885 1403 1940 caldari03
1455 1903 1601 1933 omne
1636 1890 1767 1934 enim

302 1973 587 2036 diligentius
625 1976 848 2036 purgatis
886 1976 987 2036 igni
1023 1975 1152 2018 vitiis
1190 1976 1505 2036 excoctisque
1540 1973 1766 2037 regulare

303 2067 393 2106 est.
466 2060 524 2105 In
561 2060 758 2122 reliquis
799 2060 1063 2121 generibus
1104 2059 1271 2121 palma
1311 2059 1566 2122 Campano
1606 2060 1766 2122 perhi-

366 2161 379 2184 ¹
409 2161 677 2210 sentiensque
699 2160 736 2198 B
753 2176 761 2198 :
801 2160 1084 2210 sentientique
1105 2159 1188 2198 rell.
1209 2175 1217 2198 :
1257 2159 1549 2211 sentienteque
1569 2159 1656 2200 edd.
1680 2165 1764 2200 vett.

363 2214 378 2237 ²
407 2214 576 2253 tunicae
597 2214 635 2252 B
652 2229 660 2252 ε
700 2213 846 2252 tunica
867 2214 950 2252 rell.
971 2228 979 2251 :
1019 2214 1062 2251 in
1083 2213 1229 2252 tunica
1249 2212 1335 2252 edd.
1361 2219 1450 2253 vett.

365 2268 380 2290 ³
420 2267 493 2306 VJ.
514 2271 785 2306 revertemur.

362 2321 378 2344 ⁴
406 2321 673 2359 coronarium
694 2350 702 2358 .
727 2350 736 2359 .
760 2349 769 2358 .
793 2350 802 2358 .
825 2319 982 2358 ductile
1001 2319 1061 2359 cd.
1092 2319 1211 2359 Vim.
1231 2335 1240 2359 ε
1278 2333 1356 2359 om.
1377 2319 1461 2359 rell.

432 2475 449 2492 ⁰
477 2468 552 2508 Le.
576 2468 649 2507 the
669 2468 873 2519 poisoned
893 2471 1091 2519 garment
1112 2467 1209 2506 that
1230 2467 1384 2506 caused
1405 2468 1470 2507 his
1491 2468 1632 2508 death.

435 2522 449 2545 ⁶
478 2522 529 2561 In
553 2523 800 2574 campaigns
822 2523 991 2574 against
1013 2521 1297 2568 Mithridates,
1323 2523 1455 2561 74-67
1481 2533 1561 2561 B.c.

302 2599 386 2657 196
