1899 3015
570 224 813 272 PLINY:
871 225 1198 272 NATURAL
1240 226 1535 273 HISTORY

314 355 406 398 tati
439 355 591 398 etiam
613 352 631 381 1
663 356 1097 415 septingentorum
1130 353 1410 399 inlustrium
1443 354 1607 416 aliquo
1640 355 1785 402 modo

314 433 628 495 imaginibus,
693 450 789 478 non
856 449 1026 494 passus
1091 433 1388 479 intercidere
1455 434 1634 496 figuras
1700 442 1787 481 aut

315 519 622 558 vetustatem
674 515 781 558 aevi
832 520 1005 558 contra
1054 512 1278 559 homines
1329 513 1510 568 valere,
1561 517 1788 561 inventor

313 596 528 638 muneris
562 595 714 638 etiam
747 593 820 638 dis
853 593 1094 648 invidiosi,
1127 594 1326 655 quando
1357 594 1786 640 immortalitatem

312 688 409 717 non
436 672 594 718 solum
622 673 780 727 dedit,
809 689 979 718 verum
1008 676 1160 719 etiam
1186 676 1236 718 in
1256 690 1427 719 omnes
1453 680 1610 720 terras
1635 678 1785 731 misit,

312 759 368 797 ut
398 759 688 813 praesentes
722 769 828 798 esse
861 754 1046 815 ubique
1078 769 1170 799 ceu
1190 753 1209 782 2
1240 753 1290 800 di
1321 760 1540 816 possent.
1610 761 1663 800 et
1694 754 1785 801 hoc

310 832 512 894 quidem
546 833 717 878 alienis
751 833 831 878 ille
865 835 1132 894 praestitit.

376 912 468 958 III.
506 912 691 958 Verum
736 913 936 975 clupeos
982 916 1031 958 in
1076 929 1213 960 sacro
1259 913 1335 959 vel
1380 913 1576 976 publico
1621 914 1785 961 dicare

309 995 539 1053 privatim
560 996 746 1054 primus
769 996 1004 1048 instituit,
1026 1000 1082 1039 ut
1104 997 1314 1055 reperio,
1335 994 1528 1056 Appius
1551 993 1784 1041 Claudius

309 1074 392 1134 qui
430 1073 598 1118 consul
635 1089 749 1119 cum
787 1072 839 1119 P.
876 1072 1079 1119 Servilio
1112 1073 1209 1120 fuit
1241 1090 1370 1120 anno
1404 1075 1537 1120 urbis
1569 1090 1781 1122 chvun.

308 1155 472 1213 posuit
493 1156 625 1198 enim
645 1156 695 1198 in
715 1153 949 1199 Bellonae
971 1154 1096 1199 aede
1116 1157 1326 1199 maiores
1347 1170 1477 1209 suos,
1497 1154 1783 1217 placuitque

307 1235 356 1277 in
388 1232 583 1279 excelso
614 1236 827 1295 spectari
860 1240 912 1279 et
932 1233 952 1262 3
981 1234 1153 1280 titulos
1185 1233 1426 1280 honorum
1458 1234 1574 1298 legi,
1605 1235 1784 1281 decora

308 1328 402 1366 res,
434 1315 607 1374 utique
633 1316 671 1358 si
697 1314 910 1359 liberum
936 1315 1085 1359 turba
1115 1314 1330 1376 parvulis
1360 1315 1660 1377 imaginibus
1691 1331 1782 1361 ceu

308 1392 478 1438 nidum
536 1393 754 1455 aliquem
812 1393 993 1440 subolis
1055 1397 1241 1456 pariter
1298 1394 1552 1449 ostendat,
1611 1395 1782 1457 quales

306 1471 505 1534 clupeos
575 1490 722 1519 nemo
790 1491 888 1519 non
956 1474 1180 1536 gaudens
1247 1473 1520 1536 favensque
1589 1478 1779 1537 aspicit.

264 1561 270 1569 “
308 1552 391 1597 IV.
429 1561 541 1613 post
597 1570 710 1599 eum
771 1553 842 1599 M.
900 1554 1141 1601 Aemilius
1188 1554 1379 1617 collega
1426 1557 1477 1600 in
1521 1555 1781 1602 consulatu

306 1631 479 1689 Quinti
513 1633 701 1679 Lutatii
735 1651 832 1679 non
862 1637 911 1679 in
941 1635 1142 1680 basilica
1170 1635 1318 1680 modo
1348 1634 1579 1690 Aemilia,
1609 1651 1779 1682 verum

306 1719 357 1757 et
400 1713 533 1758 domi
576 1730 695 1759 suae
739 1717 921 1776 posuit,
965 1715 1014 1761 id
1058 1731 1256 1777 quoque
1303 1714 1489 1761 Martio
1533 1715 1777 1777 exemplo.

304 1795 454 1838 scutis
497 1796 646 1848 enim,
687 1794 914 1856 qualibus
955 1795 1087 1857 apud
1127 1795 1323 1841 Troiam
1364 1801 1644 1858 pugnatum
1686 1803 1778 1854 est,

304 1874 690 1920 continebantur
737 1877 996 1937 imagines,
1045 1874 1177 1921 unde
1227 1882 1279 1921 et
1326 1891 1508 1921 nomen
1555 1874 1777 1922 habuere

303 1952 608 2014 clupeorum‚
652 1971 766 2008 non,
810 1962 867 2000 ut
910 1971 1141 2016 perversa
1184 1958 1621 2017 grammaticorum
1665 1972 1778 2017 sup-

304 2032 456 2078 tilitas
523 2033 694 2088 voluit,
761 2051 789 2079 a
853 2034 1078 2080 cluendo.
1148 2038 1285 2097 origo
1350 2035 1499 2097 plena
1562 2038 1776 2089 virtutis,

370 2159 382 2181 ¹
413 2160 665 2199 fecunditati
717 2161 848 2199 etiam
899 2161 1116 2212 Illayhoff:
1187 2161 1214 2200 f.
1267 2161 1488 2200 hominum
1539 2162 1745 2212 Detlessen
1765 2175 1773 2197 τ

310 2212 637 2252 fecunditatium
658 2215 728 2259 B1,
750 2214 809 2253 cd.
834 2214 945 2253 Lei-d.
976 2215 1105 2260 Voss„
1126 2214 1185 2253 cd.
1208 2215 1317 2254 Flor.
1340 2216 1449 2254 Ricc.
1471 2231 1478 2254 :
1519 2215 1770 2253 fecunditati

310 2265 363 2303 B²
381 2282 389 2305 :
425 2267 782 2305 secunditantiuni
801 2281 886 2305 non
904 2268 1147 2306 nominibus
1163 2273 1335 2307 tantum
1351 2268 1410 2307 cd.
1429 2269 1527 2307 Par.
1546 2269 1637 2308 Lat.
1654 2270 1770 2308 6797.

363 2319 378 2342 ²
409 2333 481 2358 ceu
505 2321 547 2357 di
574 2321 634 2359 M.
659 2322 795 2366 Hertz,
825 2321 1012 2360 Urlichs:
1054 2321 1179 2360 cludi.

364 2373 380 2395 ³
408 2378 450 2411 et
473 2375 579 2414 coni.
612 2375 917 2424 Il'arminqton:
958 2375 998 2412 in
1023 2378 1139 2423 (recte
1154 2376 1202 2422 ?).

356 2494 373 2512 ‘²
403 2489 490 2539 Ey.
519 2487 591 2527 the
618 2488 751 2527 shield
771 2489 819 2527 of
840 2488 1037 2534 Achilles,
1067 2489 1178 2528 Iliad
1206 2488 1372 2535 XVIII,
1394 2490 1474 2528 478
1500 2489 1559 2535 ff„
1587 2489 1672 2528 and
1699 2489 1770 2528 the

300 2542 432 2581 shield
453 2542 500 2580 of
515 2543 690 2587 Aeneas,
712 2542 870 2581 Aeneid
890 2542 1011 2588 VIII,
1033 2544 1111 2581 625
1132 2543 1173 2581 ff.

302 2619 388 2664 268
