1899 3015
582 228 823 274 PLINY:
881 228 1207 275 NATURAL
1250 228 1543 276 HISTORY

242 362 290 400 31
389 354 533 400 XIII.
571 353 762 417 Sinopis
791 357 995 400 inventa
1023 358 1236 418 primum
1264 357 1314 400 in
1343 353 1502 402 Ponto
1531 362 1635 410 est3
1679 356 1795 403 inde

327 451 506 480 nomen
557 451 585 480 a
635 434 816 497 Sinope
867 436 1004 481 urbe.
1073 438 1291 481 nascitur
1341 442 1393 482 et
1442 439 1491 481 in
1541 437 1794 500 Aegypto,

326 515 615 570 Baliaribus,
640 515 824 570 Africa,
847 515 935 562 sed
958 519 1147 578 optima
1170 519 1218 561 in
1244 515 1434 562 Lemno
1457 523 1510 562 et
1532 519 1582 562 in
1605 516 1795 579 Cappa-

326 595 482 650 docia,
509 595 682 642 effossa
709 611 735 641 e
760 595 1020 658 speluncis.
1089 613 1218 658 pars,
1245 612 1372 658 quae
1398 599 1526 642 saxis
1553 596 1794 651 adhaesit,

327 675 539 721 excellit.
608 676 797 739 glaebis
834 693 949 722 suus
985 676 1131 731 colos,
1169 683 1313 722 extra
1347 677 1636 723 maculosus.
1705 677 1795 724 hac

329 759 399 802 usi
437 763 554 801 sunt
593 763 786 802 veteres
826 756 889 803 ad
927 756 1256 819 splendorem.
1325 760 1512 819 species
1552 756 1794 820 Sinopidis

326 844 453 882 tres:
502 837 648 882 rubra
679 844 730 882 et
758 840 918 883 minus
948 837 1129 883 rubens
1160 844 1312 899 atque
1341 840 1471 883 inter
1498 837 1586 883 has
1613 838 1792 884 media.

326 919 541 979 pretium
586 920 805 979 optimae
854 919 892 964 Χ
935 933 989 972 11,
1031 934 1145 964 usus
1191 918 1254 964 ad
1298 917 1581 980 penicillum
1625 926 1713 965 aut
1756 922 1794 965 si

241 1004 292 1042 32
324 996 512 1060 lignum
549 997 765 1043 colorare
803 998 984 1052 libeat3
1028 1001 1149 1052 eius,
1174 1014 1302 1060 quae
1340 1014 1401 1043 ex
1439 998 1605 1044 Africa
1642 1002 1794 1054 venit,

324 1080 487 1124 octoni
533 1078 1025 1124 asses—cicerculum
1071 1078 1353 1141 appellant3
1415 1082 1572 1142 magis
1617 1083 1794 1125 ceteris

324 1159 487 1211 rubet,
529 1158 693 1204 utilior
734 1160 912 1205 abacis.
981 1159 1115 1205 idem
1154 1162 1371 1221 pretium
1413 1166 1464 1205 et
1505 1162 1626 1214 eius,
1667 1176 1794 1222 quae

324 1241 534 1301 pressior
583 1246 802 1294 vocatur,
853 1246 905 1285 et
955 1246 1032 1285 est
1080 1242 1298 1285 maxime
1347 1238 1498 1285 fusca.
1567 1256 1682 1286 usus
1732 1240 1795 1287 ad

323 1319 465 1364 bases
492 1319 774 1374 abacorum,
799 1322 848 1365 in
877 1320 1123 1366 medicina
1148 1336 1263 1366 vero
1290 1319 1501 1366 blandus
1527 1323 1570 1382 <.
1603 1357 1613 1366 .
1646 1356 1656 1367 .
1686 1337 1794 1383 pas-

324 1399 438 1445 tillis
475 1436 483 1445 .
523 1436 531 1445 .
570 1404 611 1462 .>
632 1399 651 1428 1
685 1400 1066 1463 emplastrisque
1094 1407 1146 1446 et
1177 1400 1509 1464 malagmatis,
1535 1403 1636 1447 sive
1668 1404 1796 1448 sicca

322 1483 678 1542 compositione
724 1484 825 1527 sive
872 1481 1057 1543 liquida
1103 1480 1274 1534 facilis,
1319 1488 1489 1527 contra
1536 1481 1701 1527 ulcera
1744 1484 1793 1528 in

324 1577 493 1606 umore
536 1564 647 1616 sita,
691 1561 827 1607 velut
870 1564 981 1615 oris,
1024 1561 1168 1607 sedis.
1239 1561 1402 1607 alvum
1445 1564 1575 1608 sistit
1615 1561 1793 1618 infusa,

325 1639 619 1687 feminarum
656 1641 895 1703 profluvia
932 1648 1051 1703 pota
1087 1642 1275 1688 denarii
1313 1642 1547 1704 pondere.
1617 1642 1794 1689 eadem

322 1721 500 1767 adusta
530 1724 681 1768 siccat
711 1723 966 1768 scabritias
997 1722 1266 1777 oculorum,
1298 1738 1324 1768 e
1355 1725 1467 1768 vino
1497 1725 1728 1768 maxime.

238 1808 287 1846 33
385 1801 518 1847 XIV.
557 1802 800 1849 Rubricae
861 1819 1019 1865 genus
1080 1806 1129 1848 in
1191 1818 1249 1848 ea
1310 1802 1509 1848 voluere
1570 1803 1792 1866 intellegi

322 1882 523 1943 quidam
544 1883 792 1929 secundae
814 1886 1142 1937 auctoritatis,
1163 1882 1379 1945 palmam
1401 1886 1532 1929 enim
1554 1883 1792 1930 Lemniae

320 1962 523 2009 dabant.
592 1966 743 2009 minio
779 1966 1005 2025 proxima
1039 1963 1161 2009 haec
1198 1970 1291 2018 est,
1327 1963 1537 2009 multum
1577 1967 1791 2026 antiquis

320 2042 571 2089 celebrata
621 2060 732 2089 cum
785 2043 960 2098 insula,
1011 2046 1060 2089 in
1111 2060 1209 2106 qua
1260 2047 1491 2090 nascitur.
1559 2060 1651 2090 nec
1701 2047 1789 2090 nisi

320 2125 516 2185 signata
554 2124 970 2178 venumdabatur‚
1009 2123 1140 2170 unde
1179 2131 1232 2170 et
1269 2123 1586 2187 sphragidem
1625 2124 1791 2187 appel—

928 2238 941 2260 1
973 2237 1174 2288 Mayhoff.

375 2348 393 2367 ⁰
422 2342 497 2382 See
518 2347 618 2381 note
637 2341 668 2388 ἢ,
688 2355 729 2393 p.
752 2342 842 2381 283.

374 2396 389 2420 ⁶
421 2397 537 2435 Dark
563 2395 786 2435 brownish.

374 2456 388 2473 ⁰
417 2450 517 2489 This
546 2449 761 2500 generally
791 2449 824 2487 is
854 2448 926 2487 the
955 2461 1109 2500 proper
1139 2448 1335 2499 meaning
1365 2448 1412 2486 of
1434 2449 1613 2487 minium
1638 2454 1789 2500 except
1827 2466 1830 2470 ⁴

322 2504 439 2543 when
467 2505 499 2542 it
526 2504 559 2542 is
586 2503 721 2542 called
744 2517 798 2542 m.
826 2502 1116 2542 secundarium
1139 2519 1180 2534 =
1203 2501 1275 2540 red
1301 2501 1408 2540 lead.
1467 2501 1543 2541 See
1569 2501 1786 2548 XXXIII,

324 2559 518 2597 ΙΙΙ-123.

325 2627 409 2678 284
