1873 3020
555 207 797 253 PLINY:
855 208 1180 254 NATURAL
1226 207 1516 254 HISTORY

301 339 563 397 aeruginis.
632 337 794 381 scolex
817 337 871 382 fit
893 344 944 382 et
966 353 1053 398 per
1078 353 1130 382 se
1156 337 1358 382 derasus
1384 340 1573 383 aerario
1599 337 1766 399 lapidi,

302 413 363 457 de
391 429 488 474 quo
514 429 642 458 nunc
666 413 900 458 dicemus.

193 494 266 531 117
364 489 548 533 XXIX.
587 489 850 535 Chalcitim
904 497 1100 545 vocant,
1155 506 1215 536 ex
1271 507 1368 552 quo
1422 497 1473 535 et
1528 493 1631 552 ipso
1685 507 1767 537 aes

301 569 541 627 coquitur.
611 566 766 612 distat
800 583 827 611 a
862 567 1088 621 cadmea,
1123 567 1253 628 quod
1289 565 1369 611 illa
1405 583 1552 628 super
1585 574 1768 613 terram

303 658 363 687 ex
391 642 695 688 subdialibus
723 646 876 704 petris
904 643 1146 698 caeditur,
1175 642 1298 689 haec
1327 659 1387 689 ex
1415 643 1620 699 obrutis,
1648 647 1768 690 item

300 719 432 780 quod
481 718 702 765 chalcitis
752 718 870 766 friat
918 736 971 766 se
1020 723 1211 775 statim,
1261 719 1418 766 mollis
1469 727 1663 775 natura,
1715 728 1770 766 ut

301 796 529 841 videatur
577 796 760 859 lanugo
809 803 1056 843 concreta.
1127 803 1204 842 est
1254 804 1306 842 et
1356 796 1451 842 alia
1500 797 1769 850 distinctio,

302 873 434 934 quod
467 872 688 919 chalcitis
723 876 818 919 tria
851 889 1037 936 genera
1071 877 1311 928 continet,
1344 877 1468 919 aeris
1504 881 1556 920 et
1588 877 1768 937 misyos

302 957 353 994 et
402 966 583 1004 soreos,
632 950 695 995 de
746 951 921 1012 quibus
971 950 1173 1012 singulis
1223 950 1441 996 dicemus
1490 953 1586 996 suis
1638 951 1765 997 locis.

191 1032 265 1070 118
298 1025 453 1072 habet
482 1034 653 1072 autem
682 1031 807 1073 aeris
837 1044 988 1073 venas
1018 1027 1269 1090 oblongas.
1340 1028 1577 1089 probatur
1605 1027 1766 1074 mellei

301 1102 489 1158 coloris,
558 1104 727 1166 gracili
796 1121 1030 1150 venarum
1103 1104 1339 1159 discursu,
1407 1103 1608 1150 friabilis
1679 1121 1768 1151 nec

298 1179 533 1241 lapidosa.
602 1189 785 1242 putant
828 1188 879 1227 et
917 1188 1169 1227 recentem
1208 1180 1452 1227 utiliorem
1491 1197 1614 1236 esse,
1651 1199 1768 1244 quo—

298 1260 430 1301 niam
462 1259 743 1304 inveterata
772 1262 867 1304 sori
898 1258 1000 1304 fiat.
1071 1261 1139 1303 vis
1161 1257 1177 1285 1
1210 1261 1312 1303 eius
1338 1258 1402 1303 ad
1432 1261 1768 1304 excrescentia

300 1336 347 1378 in
401 1333 663 1390 ulceribus,
716 1338 1010 1397 sanguinem
1064 1339 1256 1390 sistere,
1309 1338 1550 1397 gingivas,
1605 1352 1767 1390 uvam,

299 1410 518 1456 tonsillas
556 1410 715 1457 farina
754 1428 1085 1473 compescere,
1125 1411 1294 1457 volvae
1332 1414 1460 1457 vitiis
1500 1414 1548 1457 in
1588 1412 1767 1458 vellere

298 1490 496 1548 imponi.
566 1505 676 1533 cum
719 1506 834 1534 suco
877 1505 991 1534 vero
1030 1491 1159 1550 porri
1202 1489 1526 1534 verendorum
1570 1489 1768 1535 additur

189 1569 263 1608 119
297 1564 590 1625 emplastris
677 1573 958 1611 maceratur
1007 1573 1176 1611 autem
1227 1568 1275 1610 in
1327 1565 1460 1610 fictili
1514 1582 1573 1611 ex
1625 1573 1767 1612 aceto

298 1641 572 1687 circumlito
612 1642 726 1688 fimo
764 1643 938 1688 dicbus
977 1658 1051 1698 XL,
1091 1650 1143 1688 et
1181 1641 1392 1688 colorem
1431 1645 1555 1688 croci
1596 1642 1764 1689 trahit.

298 1724 406 1763 tum
437 1718 659 1764 admixto
689 1720 928 1765 cadmeae
959 1722 1065 1781 pari
1096 1719 1315 1781 pondere
1346 1719 1765 1765 medicamentum

297 1795 445 1841 efficit
473 1799 697 1857 psoricon
726 1796 929 1842 dictum.
999 1797 1132 1858 quod
1160 1800 1199 1841 si
1231 1811 1265 1840 11
1295 1803 1463 1857 partes
1493 1795 1766 1842 chalcitidis

295 1875 445 1917 tertia
482 1872 720 1918 cadmeae
758 1880 1119 1934 temperentur,
1158 1876 1314 1919 acrius
1353 1872 1444 1919 hoc
1482 1872 1613 1919 idem
1652 1873 1767 1928 fiat3

300 1952 575 1995 etiamnum
613 1949 975 2005 vehementius,
1012 1953 1049 1995 si
1088 1957 1230 1996 aceto
1268 1966 1417 2012 quam
1453 1949 1603 1995 vin02
1640 1957 1765 1996 tern-

296 2033 525 2085 peretum
566 2034 700 2072 tosta
723 2044 836 2073 vero
860 2027 1099 2072 efficacior
1122 2027 1177 2072 fit
1199 2027 1262 2072 ad
1285 2026 1462 2072 eadem
1485 2030 1662 2072 omnia.

170 2106 241 2145 120
359 2102 516 2148 XXX.
553 2102 659 2149 Scri
689 2104 998 2166 Aegyptium
1028 2106 1245 2149 maxime
1274 2103 1522 2158 laudatur,
1552 2103 1764 2149 multum

384 2209 398 2231 ¹
429 2222 529 2247 usus
549 2211 654 2248 coni.
679 2210 881 2260 Mayhoff.
1076 2210 1090 2233 2
1120 2210 1207 2259 <si>
1230 2210 1330 2248 vino
1350 2210 1455 2249 coni.
1478 2209 1681 2260 Mayhoff.

343 2322 361 2340 ‘⁸
390 2316 554 2367 Copper
576 2318 736 2368 pyrites
759 2319 801 2356 in
824 2331 992 2368 process
1015 2317 1062 2357 of
1079 2318 1429 2369 decomposition.
1489 2317 1571 2356 For
1594 2317 1761 2358 cadmea

288 2383 354 2409 see
374 2372 413 2419 ἓξ
435 2374 458 2408 2
480 2371 565 2410 and
590 2374 665 2410 100
687 2372 771 2409 and
792 2376 927 2411 notes.

349 2425 362 2447 ²²
392 2427 556 2475 (jopper
585 2426 756 2475 pyrites.

343 2484 356 2501 ⁶
388 2478 600 2528 Probably
640 2478 941 2529 decomposing
980 2479 1216 2524 marcasite,
1263 2491 1310 2517 or
1352 2478 1595 2517 sometimes
1640 2477 1761 2517 black

285 2544 440 2582 porous
454 2531 675 2569 limestone
693 2532 792 2569 with
809 2532 1108 2582 decomposing
1125 2532 1284 2582 pyrites
1299 2532 1342 2570 in
1361 2532 1395 2570 it-
1417 2530 1489 2578 (K.
1511 2532 1554 2571 C.
1579 2531 1757 2581 Bailey).

292 2622 379 2662 214
