1873 3020
225 544 276 582 85

226 1131 275 1168 86

225 1865 273 1903 87

564 186 770 232 I'LINY
789 204 799 233 ι
856 187 1182 233 NATURAL
1230 187 1523 235 HISTORY

308 316 420 362 salis
445 320 645 378 gemino
670 316 908 377 pondere,
935 316 1113 378 triplici
1140 320 1307 379 misyis
1334 333 1390 362 ac
1413 333 1577 363 rursus
1601 333 1714 363 cum
1740 332 1777 362 11

307 390 418 435 salis
439 390 746 451 portionibus
769 397 820 435 et
841 406 940 435 una
959 389 1154 451 lapidis,
1175 406 1323 451 quem
1345 390 1562 436 schiston
1582 397 1776 437 vocant.

307 467 375 508 ita
418 467 546 508 virus
587 462 743 508 trahit
782 463 928 508 rebus
969 479 1069 508 una
1108 466 1340 508 crematis
1380 467 1430 509 in
1471 463 1606 509 fictili
1646 479 1779 518 vase,

308 539 468 597 ipsum
512 552 691 597 purum
737 543 789 581 et
831 539 1187 598 incorruptum.
1256 536 1473 598 reliquus
1517 540 1636 583 cinis
1679 553 1780 582 ser-

308 617 449 655 vatus
475 613 524 654 in
551 609 687 655 fictili
713 609 826 664 olla,
853 626 912 654 ex
941 626 1040 671 qua
1059 609 1077 638 1
1103 609 1269 655 inlitas
1290 609 1308 637 2
1334 609 1551 655 lichenas
1578 613 1626 655 in
1651 609 1778 656 facie

308 683 526 728 lomento
561 699 620 728 eo
653 686 885 728 convenit
918 683 1066 728 ablui.
1136 683 1325 728 fistulas
1361 686 1515 729 etiam
1547 690 1694 729 sanat
1727 690 1779 729 et

308 773 436 819 quae
473 763 713 802 vocantur
746 755 1132 802 haemorroides.
1201 757 1375 818 quodsi
1411 760 1557 802 tritus
1593 773 1778 819 pumex

307 830 566 884 adiciatur,
594 833 760 891 putria
788 829 953 875 ulcera
983 837 1035 875 et
1062 833 1215 875 taetri
1243 830 1403 876 odoris
1433 830 1687 885 emendat,
1716 846 1778 876 ex

307 903 454 949 melle
476 920 591 949 vero
613 903 875 949 decoctum
897 920 1009 949 cum
1032 902 1307 949 melanthio
1328 903 1525 949 inlitum
1547 903 1779 950 umbilico

307 977 486 1022 leniter
511 976 656 1022 solvit
683 976 862 1022 alvum.
931 993 1050 1022 auro
1077 993 1306 1022 verrucas
1333 980 1493 1022 curari
1523 976 1595 1022 M.
1623 976 1778 1022 Varro

306 1057 479 1096 auctor
503 1057 594 1096 est.

370 1123 552 1169 XXVI.
591 1123 908 1186 Chrysocolla
976 1140 1117 1169 umor
1186 1130 1263 1170 est
1315 1127 1366 1169 in
1419 1127 1602 1186 puteis,
1656 1140 1777 1186 quos

306 1197 538 1252 diximus,
569 1213 658 1258 per
690 1213 868 1243 venam
900 1200 1005 1242 auri
1037 1196 1261 1243 defluens
1293 1204 1630 1243 crassescente
1661 1197 1778 1243 limo

306 1271 547 1333 rigoribus
569 1270 786 1316 hibernis
809 1287 966 1333 usque
988 1273 1038 1316 in
1059 1271 1295 1316 duritiam
1317 1274 1540 1332 pumicis.
1607 1271 1777 1316 lauda·

305 1347 483 1390 tiorem
518 1344 731 1390 eandem
764 1347 814 1389 in
848 1347 1048 1390 aerariis
1082 1344 1297 1390 metallis
1332 1351 1384 1390 et
1417 1347 1694 1406 proximam
1727 1347 1776 1389 in

306 1421 607 1480 aegentariis
658 1418 761 1463 fieri
814 1425 1108 1479 conpertum
1162 1425 1253 1463 est.
1321 1421 1571 1464 invenitur
1623 1424 1676 1463 et
1727 1421 1777 1463 in

307 1491 593 1552 plumbariis
620 1491 758 1537 vilior
784 1494 937 1537 etiam
957 1490 976 1519 3
1001 1494 1211 1536 auraria.
1278 1494 1328 1536 in
1354 1491 1580 1537 omnibus
1605 1497 1776 1537 autem

307 1565 379 1610 his
406 1564 619 1610 metallis
647 1565 703 1610 fit
729 1571 780 1610 et
805 1581 921 1610 cura
948 1564 1160 1610 multum
1185 1563 1313 1610 infra
1338 1564 1619 1610 naturalem
1642 1564 1775 1610 illam

308 1642 516 1684 inmissis
546 1641 595 1684 in
625 1655 803 1684 venam
833 1642 972 1701 aquis
1002 1638 1182 1684 leniter
1209 1637 1374 1684 hieme
1403 1645 1513 1684 tota
1542 1654 1698 1700 usque
1726 1641 1775 1683 in

310 1713 504 1757 Iunium
527 1728 768 1767 mensem,
790 1712 907 1758 dein
928 1715 1121 1758 siccatis
1146 1711 1288 1757 Iunio
1311 1719 1363 1758 et
1387 1711 1529 1767 Iulio,
1552 1719 1609 1758 ut
1628 1712 1776 1774 plane

307 1785 630 1848 intellegatur
652 1785 772 1831 nihil
795 1785 929 1831 aliud
952 1784 1255 1848 chrysocolla
1278 1801 1428 1847 quam
1452 1801 1578 1830 vena
1600 1788 1774 1847 putris.

307 1862 473 1904 nativa
521 1859 703 1905 duritia
751 1862 968 1904 maxime
1015 1859 1199 1912 distat3
1268 1875 1416 1904 uvam
1462 1865 1656 1905 vocant.
1724 1865 1776 1904 et

306 1939 478 1978 tamen
521 1932 603 1978 illa
647 1949 845 1995 quoque
888 1931 1061 1987 herba,
1105 1948 1255 1994 quam
1298 1931 1459 1978 lutum
1502 1931 1774 1994 appellant,

308 2008 567 2068 tinguitur.
635 2012 816 2052 natura
846 2012 940 2060 est,
971 2021 1100 2068 quae
1129 2005 1229 2050 lino
1256 2004 1483 2060 lanaeve,
1512 2005 1577 2051 ad
1603 2021 1774 2051 sucum

456 2121 470 2144 ¹
500 2133 587 2170 qua
608 2120 645 2159 Β
666 2137 673 2160 :
712 2134 824 2172 aqua
846 2121 929 2160 rell.
1155 2121 1170 2143 ²
1199 2119 1344 2159 inlitas
1365 2120 1420 2159 Β2
1439 2135 1446 2159 :
1486 2120 1647 2159 inlitus.

860 2175 876 2198 ³
902 2174 1075 2223 fortasse
1102 2177 1261 2212 tamen.

363 2353 381 2424 Ξ
408 2349 652 2388 Lomentum
679 2348 713 2386 is
742 2348 941 2400 properly
970 2347 1246 2399 barley-meal
1274 2347 1416 2386 mixed
1444 2347 1547 2386 with
1574 2348 1668 2387 rice.

361 2463 374 2477 s
404 2402 483 2495 gie:
503 2403 526 2470 §⁴
542 2404 734 2493 4A’n1bzlieer
755 2459 844 2493 sort
864 2455 898 2493 is
918 2453 1051 2493 found
1072 2454 1115 2493 in
1134 2453 1229 2493 lead
1245 2454 1391 2501 mines,
1408 2453 1486 2493 but
1505 2453 1588 2493 itis
1604 2453 1773 2493 inferior

310 2515 354 2548 to
375 2509 447 2548 the
466 2515 558 2548 true
577 2510 602 2524 “
619 2509 718 2560 gold
738 2507 915 2547 '’-kind.‘

307 2586 364 2630 66
