1899 3015
245 562 299 599 83

249 1256 299 1292 84

249 1721 300 1758 85

584 197 826 243 PLINY:
885 198 1211 244 NATURAL
1255 196 1547 245 HISTORY

329 323 460 369 hunc
526 341 631 370 esse
696 340 845 386 quem
912 332 1193 387 quaereret.
1263 331 1416 386 atque
1484 327 1553 370 ita
1617 325 1798 370 evenit.

333 405 537 446 revertit
592 405 722 446 enim
777 401 978 463 Apelles
1033 409 1084 447 et
1132 404 1254 446 vinci
1305 402 1600 447 erubescens
1653 403 1802 447 tertio

333 478 493 523 colore
561 479 712 524 lineas
775 481 934 524 secuit
995 478 1183 524 nullum
1250 478 1531 540 relinquens
1594 477 1802 539 amplius

328 555 594 600 subtilitati
650 555 824 600 locum.
895 563 946 601 at
999 553 1304 618 Protogenes
1355 558 1540 601 victum
1589 570 1642 600 se
1691 571 1802 600 con-

332 631 490 677 >'sessus
555 636 602 677 in
666 639 863 694 portum
927 632 1175 678 devolavit
1237 631 1484 694 hospitem
1543 647 1803 694 quaerens,

335 709 619 771 placuitque
658 713 724 755 sic
763 726 872 754 eam
911 709 1133 755 tabulam
1173 712 1382 771 posteris
1419 708 1548 755 tradi
1585 711 1801 755 omnium

334 786 553 848 quidem,
610 787 695 831 sed
755 787 997 832 artificum
1056 789 1321 848 praecipuo
1376 785 1625 831 miraculo.
1693 802 1803 831 con-

333 870 582 923 sumptam
632 880 740 908 cam
790 867 949 925 priore
996 863 1222 909 incendio
1269 863 1491 909 Caesaris
1537 862 1711 909 domus
1755 866 1804 908 in

336 938 526 985 Palatio
580 941 743 993 audio,
798 948 1075 1002 spectatam
1132 940 1306 986 nobis1
1364 947 1498 994 ante,
1551 940 1805 1001 spatiose2

335 1017 450 1062 nihil
497 1017 629 1062 aliud
673 1021 1015 1063 continentem
1060 1017 1248 1079 quam3
1292 1017 1444 1062 lineas
1488 1020 1644 1062 visum
1689 1016 1803 1063 effu-

333 1097 546 1156 gientes,
575 1098 705 1139 inter
733 1098 935 1157 egregia
962 1095 1232 1140 multorum
1260 1111 1411 1156 opera
1437 1097 1569 1139 inani
1598 1094 1804 1140 similem

335 1178 386 1216 et
421 1188 479 1217 eo
514 1175 618 1233 ipso
652 1171 954 1217 allicientem
988 1175 1222 1234 omnique
1256 1188 1406 1233 opere
1441 1171 1744 1217 nobiliorem.

396 1249 560 1311 Apelli
590 1248 686 1295 fuit
715 1249 896 1311 alioqui
926 1256 1170 1311 perpetua
1200 1248 1508 1294 consuetudo
1536 1265 1805 1310 numquam

334 1333 437 1371 tam
463 1334 760 1388 occupatum
786 1327 919 1372 diem
945 1326 1144 1389 agendi,
1170 1334 1225 1372 ut
1251 1343 1348 1371 non
1375 1325 1556 1371 lineam
1580 1325 1806 1372 ducendo

335 1411 593 1449 exerceret
631 1411 809 1458 artem,
848 1404 979 1465 quod
1019 1404 1081 1449 ab
1121 1420 1178 1449 eo
1216 1406 1266 1448 in
1303 1403 1617 1465 proverbium
1654 1406 1804 1449 venit.

334 1480 466 1526 idem
511 1480 737 1542 perfecta
780 1497 932 1542 opera
978 1481 1287 1542 proponebat
1332 1484 1380 1525 in
1426 1479 1631 1542 pergula
1675 1487 1806 1525 tran-

334 1559 592 1604 seuntibus
644 1565 815 1620 atque,
867 1561 971 1620 ipse
1022 1565 1135 1620 post
1186 1557 1408 1603 tabulam
1460 1557 1637 1611 latens,
1689 1560 1807 1603 vitia

334 1652 463 1696 quae
501 1642 796 1681 notarentur
832 1635 1164 1689 auscultabat,
1201 1635 1404 1697 vulgum
1441 1634 1805 1697 diligentiorem

333 1713 546 1759 iudicem
567 1729 717 1775 quam
737 1729 789 1759 se
809 1712 1096 1775 praeferens
1115 1728 1125 1767 ;
1163 1712 1431 1774 feruntque
1452 1711 1805 1774 reprehensum

334 1806 361 1834 a
385 1797 570 1845 sutore,
594 1791 726 1852 quod
749 1793 798 1836 in
821 1790 1031 1852 crepidis
1056 1807 1152 1836 una
1176 1793 1430 1852 pauciores
1453 1792 1586 1835 intus
1609 1788 1807 1835 fecisset

334 1883 494 1922 ansas,
554 1868 731 1913 eodem
788 1875 988 1930 postero
1046 1867 1126 1913 die
1184 1867 1398 1928 superbo
1457 1866 1806 1913 emendatione

334 1947 572 2006 pristinae
616 1945 965 1991 admonitionis
1008 1944 1271 1990 cavillante
1313 1947 1441 1989 circa
1481 1960 1609 1999 crus,
1650 1943 1806 2006 indig-

487 2100 494 2121 ¹
527 2100 649 2138 nobis
673 2099 782 2138 odda
829 2099 970 2137 Rhodi
996 2098 1211 2148 Mayhosf:
1255 2098 1356 2136 olim
1381 2098 1549 2137 Gronov.

481 2153 494 2176 ²
535 2153 606 2192 VJ.
634 2153 819 2204 spatiore
845 2153 1001 2204 (spatio
1027 2152 1099 2190 sed
1124 2153 1224 2200 B2):
1269 2151 1408 2203 spatio
1433 2152 1673 2190 Pintianus.

480 2207 495 2229 ³
534 2207 565 2246 V
570 2207 608 2245 λ.
636 2219 765 2256 quam
789 2207 858 2245 in:
903 2218 1031 2256 quam
1056 2217 1106 2244 111
1132 2206 1301 2244 Gronov.

390 2362 407 2379 ‘¹
438 2355 563 2406 Pliny
612 2355 754 2406 surely
796 2354 1001 2393 indicates
1040 2353 1137 2392 that
1175 2353 1343 2404 Apelles
1380 2353 1493 2392 drew
1529 2365 1555 2392 a
1591 2356 1666 2403 yet
1703 2352 1807 2392 finer

339 2409 422 2448 line
441 2422 495 2447 on
513 2414 590 2459 top
609 2409 656 2447 of
670 2409 742 2447 the
760 2408 883 2447 other
900 2412 985 2447 two
1003 2407 1128 2445 down
1147 2407 1256 2445 their
1273 2406 1431 2458 length.

396 2463 411 2486 ὸ
442 2461 656 2512 Probably
678 2475 732 2500 an
754 2462 916 2500 outline
937 2462 985 2499 of
1000 2474 1117 2499 some
1138 2461 1293 2511 object.

394 2522 408 2540 ⁶
436 2517 567 2555 Nulla
585 2514 674 2554 dies
691 2516 782 2555 sine
801 2516 924 2561 linea,
947 2515 956 2530 ‘
976 2515 1043 2553 No
1064 2514 1149 2566 day
1171 2513 1352 2553 without
1371 2526 1397 2552 a
1416 2511 1527 2551 line.‘

332 2606 418 2651 3²2
