1873 3020
187 820 238 857 58

190 1351 241 1388 59

524 216 762 261 l‘LI-NY:
824 215 1148 261 NATURAL
1191 214 1483 260 HISTORY

268 345 485 389 versibus
535 343 759 398 laudata,
809 342 1008 404 quando
1057 342 1217 387 alieno
1266 342 1489 403 plerique
1538 344 1736 404 ingenio

269 415 424 472 magis
461 427 610 472 quarn
645 426 733 456 suo
767 409 1194 455 commendantur.
1263 407 1383 454 fecit
1419 415 1470 454 et
1506 408 1737 454 Ladam1

271 486 321 524 et
362 472 644 524 discobolon
687 484 738 522 et
779 475 1015 521 Perseum
1058 482 1111 521 et
1150 475 1369 536 pristas2
1412 482 1464 520 et
1503 473 1737 537 Satyrum

271 545 601 590 admirantem
640 543 787 588 tibias
826 550 878 588 et
918 542 1214 596 Minervam,
1255 541 1520 603 Delphicos
1562 548 1739 603 penta-

272 611 416 665 thlos‚
448 613 829 671 pancratiastas,
860 608 1145 663 Herculem,
1176 611 1258 670 qui
1290 615 1366 653 est
1395 607 1528 669 apud
1557 611 1737 654 circum

271 681 543 723 maximum
608 679 657 721 in
722 676 847 721 aede
912 675 1117 736 Pompei
1186 675 1376 737 Magni.
1445 673 1620 720 fecisse
1685 682 1737 720 et

270 744 471 790 cicadae
515 749 893 788 monumentum
938 758 994 787 ac
1038 741 1258 787 locustae
1300 741 1597 786 carminibus
1641 744 1738 786 suis

272 811 455 855 Erinna
510 809 770 871 significat.
840 808 960 854 fecit
1014 815 1066 854 et
1120 807 1419 869 Apollinem,
1474 823 1623 869 quem
1677 807 1739 852 ab

274 880 527 922 triumviro
558 877 778 921 Antonio
809 875 1060 920 sublatum
1092 877 1314 920 restituit
1344 873 1569 935 Ephesiis
1601 874 1739 920 divus

273 944 530 1005 Augustus
570 942 851 988 admonitus
892 945 941 987 in
981 944 1166 1004 quiete.
1235 944 1420 1002 primus
1460 940 1538 986 hic
1576 940 1740 986 multi-

272 1010 478 1071 plicasse
508 1012 773 1054 veritatem
803 1008 1015 1062 videtur,
1045 1010 1349 1053 numerosior
1376 1010 1426 1052 in
1454 1014 1563 1052 arte
1592 1023 1740 1069 quam

274 1076 540 1138 Polyclitus
561 1083 613 1121 et
633 1079 682 1120 in
698 1075 717 1103 3
741 1078 1032 1137 symmetria
1052 1074 1352 1135 diligentior,
1374 1080 1426 1119 et
1445 1076 1550 1135 ipse
1569 1080 1741 1119 tamen

275 1160 533 1203 corporum
552 1149 697 1187 tenus
717 1145 932 1187 curiosus
952 1144 1100 1186 animi
1120 1157 1290 1186 sensus
1309 1157 1407 1186 non
1427 1143 1741 1201 expressisse,

274 1209 506 1271 capillum
540 1224 738 1271 quoque
772 1215 823 1253 et
856 1208 1040 1269 pubem
1073 1224 1171 1252 non
1205 1207 1518 1252 emendatius
1550 1205 1742 1260 fecisse,

273 1293 421 1338 quam
446 1275 578 1321 rudis
605 1277 876 1337 antiquitas
901 1277 1211 1320 instituisset.

337 1343 466 1387 Vicit
482 1359 594 1387 eum
612 1341 920 1404 Pythagoras
937 1341 1153 1402 Reginus
1171 1357 1231 1385 ex
1248 1339 1393 1385 Italia
1408 1342 1742 1400 pancratiaste

278 1408 484 1470 Delphis
523 1411 710 1469 posito3
766 1408 942 1453 eodem
980 1410 1095 1452 vicit
1133 1414 1185 1452 et
1222 1406 1555 1452 Leontiscum.
1623 1404 1744 1451 fecit

276 1483 328 1521 et
361 1475 732 1521 stadiodromon
766 1474 996 1536 Astylon,
1031 1477 1113 1536 qui
1149 1473 1413 1535 Olympiae
1448 1472 1743 1526 ostenditur,

277 1550 328 1588 et
360 1541 557 1604 Libyn4
585 1558 794 1603 puerum
824 1548 1084 1586 tenentem
1115 1539 1388 1585 tabellam5
1419 1539 1594 1585 eodem
1623 1538 1743 1594 loco,

277 1616 329 1654 et
366 1609 498 1654 mala
536 1607 783 1654 ferentem
822 1608 1027 1661 nudum,
1065 1607 1316 1669 Syracusis
1355 1613 1525 1651 autern
1562 1605 1744 1651 claudi-

276 1683 493 1730 cantem,
509 1678 644 1720 cuius
661 1674 835 1720 ulceris
851 1674 1071 1719 dolorem
1087 1676 1271 1719 sentire
1288 1676 1442 1718 etiam
1457 1679 1743 1734 spectantes

342 1783 355 1805 1
387 1782 550 1820 Ladam
571 1781 785 1832 Benmlors
798 1798 806 1820 z
847 1793 1009 1820 canem.
1157 1780 1171 1803 ²
1201 1784 1353 1832 pyctas
1375 1779 1562 1819 Ldschlte..

340 1836 356 1859 ³
385 1840 429 1874 et
451 1837 494 1873 in
516 1835 602 1874 cdd.
623 1851 631 1874 ε
672 1835 747 1873 del.
773 1838 817 1873 et
839 1835 973 1884 Silliy.

340 1890 355 1912 4
384 1889 523 1939 Libyn
551 1889 796 1927 Hermolaus
826 1888 1056 1926 Barbarus:
1102 1887 1223 1938 lybin
1252 1887 1310 1925 B:
1351 1886 1458 1937 lipin
1484 1891 1556 1925 aut
1582 1885 1746 1937 lympin

284 1949 355 1981 ortt
378 1943 540 1993 iolpum
566 1943 648 1980 rell.
911 1942 925 1964 ⁵
956 1941 1158 1979 tabellam
1179 1941 1242 1979 B:
1281 1939 1460 1978 tabellas
1479 1939 1563 1978 rell.

332 2036 349 2053 ⁰
379 2030 518 2068 Ladas
539 2042 623 2067 was
650 2043 674 2067 a
701 2029 869 2067 famous
897 2042 1062 2067 runner.
1124 2028 1210 2066 But
1236 2027 1309 2066 the
1334 2027 1448 2066 MSS.
1471 2027 1566 2077 give
1591 2039 1745 2069 canem.

295 2083 416 2134 ‘dogss
474 2083 623 2133 Copies
645 2082 693 2121 of
710 2083 897 2132 Myron’s
918 2082 1151 2121 Discobolos
1172 2094 1241 2119 are
1262 2085 1426 2119 extant.

335 2138 349 2161 ⁰
380 2137 421 2175 lt
441 2137 474 2174 is
494 2136 676 2187 possible
696 2136 792 2174 that
814 2136 937 2186 Pliny
960 2140 1088 2173 wrote
1109 2134 1118 2150 ‘
1139 2134 1211 2172 the
1233 2134 1420 2172 Boxersj

336 2197 349 2212 ⁶
380 2190 597 2240 Probably
617 2202 642 2227 a
664 2202 798 2240 group
817 2189 864 2228 of
879 2190 1073 2238 Marsyas
1090 2188 1174 2226 and
1190 2188 1371 2234 Athene,
1390 2187 1438 2226 of
1453 2186 1590 2225 which
1608 2187 1747 2237 copies

285 2245 408 2283 exist.

332 2295 350 2320 ‘¹
379 2297 562 2346 Experts
586 2296 628 2333 in
654 2295 759 2333 both
785 2295 940 2345 boxing
965 2294 1049 2333 and
1075 2294 1299 2345 wrestling.

337 2356 350 2374 ⁶
376 2350 476 2388 This
499 2349 655 2387 absurd
677 2354 909 2387 statement
932 2350 965 2386 is
988 2348 1141 2386 caused
1165 2348 1220 2398 by
1240 2361 1265 2386 a
1288 2347 1511 2386 confusion
1531 2347 1578 2385 of
1597 2346 1747 2396 Μυρών

280 2403 364 2442 and
391 2417 416 2441 a
441 2403 518 2453 girl
546 2402 674 2452 Μυρώ
703 2402 844 2449 (Anile.
870 2401 963 2440 Pal.
994 2403 1090 2441 VII.
1123 2401 1377 2452 lOO—Myro
1404 2401 1549 2440 makes
1576 2413 1601 2438 a
1627 2400 1747 2439 tomb

282 2458 348 2496 for
369 2457 442 2496 her
463 2461 536 2508 pet
557 2457 723 2503 insect).

334 2508 348 2534 s
375 2511 455 2547 For
482 2509 663 2548 another
692 2509 1018 2559 interpretation
1048 2521 1114 2546 see
1141 2507 1189 2545 E.
1217 2506 1419 2552 Gardner,
1447 2506 1647 2545 Classical
1673 2506 1746 2544 Re-

284 2565 388 2603 rimr,
417 2563 471 2600 ll.
494 2566 556 2599 (35).
669 2569 684 2587 ⁰
719 2563 957 2598 hominist-os
982 2575 1063 2597 was
1085 2574 1136 2598 an
1160 2560 1332 2599 athlete.
1356 2565 1428 2598 not
1452 2573 1506 2598 an
1527 2560 1664 2598 artisst.

286 2645 367 2686 ¹70
