1873 3020
517 189 758 235 PLINY:
817 188 1145 234 NATURAL
1186 186 1481 233 HISTORY

269 323 541 365 etiamnum
580 325 631 363 et
667 316 883 363 formalis
920 323 1262 377 temperatura
1299 319 1424 361 aeris
1460 318 1730 365 tenerrimi,

272 389 503 447 quoniam
557 387 680 445 nigri
734 383 922 445 plumbi
974 383 1165 428 decima
1217 385 1378 444 portio
1430 381 1629 427 additur
1681 388 1733 427 et

270 454 537 514 argentarii
581 454 826 504 vicesima,
867 452 1184 511 maximeque
1225 452 1296 494 ita
1337 447 1548 494 colorem
1589 448 1732 502 bibit,

271 535 418 580 quem
472 518 828 563 Graecanicum
883 523 1074 561 vocant.
1149 515 1423 560 Novissima
1476 521 1552 560 est
1605 529 1733 576 quae

272 592 474 630 vocatur
513 583 700 637 Ollaria,
740 598 854 628 vase
894 598 1074 627 nomen
1114 581 1205 627 hoc
1243 581 1415 636 dante,
1454 583 1606 626 ternis
1647 587 1733 626 aut

271 654 522 713 quaternis
560 650 690 694 libris
726 649 914 711 plumbi
949 650 1218 710 argentarii
1252 651 1303 692 in
1337 654 1573 693 centenas
1609 649 1733 692 aeris

270 718 464 763 additis.
537 716 717 778 Cyprio
740 719 778 761 si
802 715 1015 761 addatur
1037 715 1312 776 plumbum,
1335 713 1463 760 colos
1486 729 1734 775 purpurae

272 785 326 830 fit
351 787 399 828 in
423 790 702 829 statuarum
726 785 1016 843 praetextis.

187 858 236 895 99
333 850 469 896 XXI.
506 850 639 894 Aera
693 856 890 894 extersa
942 848 1218 910 robiginem
1269 846 1474 893 celerius
1528 845 1735 892 trahunt

272 934 420 978 quam
479 916 725 978 neglecta,
783 919 873 960 nisi
930 914 1038 960 oleo
1094 920 1485 976 perunguantur.
1554 915 1735 958 servari

271 1000 329 1029 ea
371 987 557 1044 optime
597 986 648 1027 in
687 982 873 1044 liquida
912 984 1020 1042 pice
1061 981 1282 1026 tradunt.
1351 996 1465 1025 usus
1506 982 1631 1025 aeris
1672 978 1735 1025 ad

271 1053 663 1112 perpetuitatem
701 1051 1120 1094 monimentorum
1155 1050 1256 1092 iam
1293 1046 1486 1108 pridem
1523 1045 1734 1091 tralatus

272 1124 348 1162 est
380 1116 561 1161 tabulis
596 1118 770 1170 aereis,
803 1118 853 1160 in
887 1115 1062 1177 quibus
1096 1113 1324 1175 publicae
1356 1115 1734 1159 constitutiones

271 1183 566 1228 inciduntur.

166 1255 238 1294 100
334 1249 497 1294 XXII.
538 1247 749 1293 Metalla
776 1250 901 1293 aeris
927 1246 1094 1292 multis
1122 1246 1278 1292 modis
1305 1249 1557 1291 instruunt
1582 1245 1736 1290 medi-

271 1319 449 1369 cinam,
480 1322 656 1376 utpote
685 1331 797 1360 cum
826 1313 991 1359 ulcera
1020 1316 1184 1359 omnia
1212 1313 1280 1358 ibi
1309 1315 1532 1358 ocissime
1560 1327 1737 1357 sanen-

272 1389 369 1437 tur,
393 1385 607 1427 maxime
631 1388 802 1426 tamen
826 1380 1029 1442 prodest
1048 1379 1066 1408 1
1088 1379 1311 1426 cadmea.
1381 1379 1437 1424 fit
1458 1382 1563 1424 sine
1587 1377 1736 1424 dubio

275 1448 395 1493 haec
437 1456 489 1493 et
528 1451 576 1493 in
618 1451 812 1509 argenti
852 1446 1148 1501 fornacibus,
1188 1445 1441 1492 candidior
1480 1461 1537 1491 ac
1575 1448 1736 1490 minus

273 1515 563 1576 ponderosa,
614 1515 701 1559 sed
752 1530 1067 1575 nequaquam
1117 1512 1450 1574 comparanda
1499 1514 1734 1557 aerariae.

273 1581 411 1643 plura
441 1588 610 1626 autem
638 1597 823 1643 genera
850 1587 980 1626 sunt.
1049 1595 1264 1640 namque
1292 1585 1349 1624 ut
1374 1581 1480 1639 ipse
1505 1577 1647 1639 lapis,
1675 1593 1737 1623 ex

273 1665 369 1710 quo
418 1648 473 1693 fit
521 1664 621 1701 aes,
668 1647 875 1692 cadmea
923 1653 1143 1700 vocatur,
1190 1645 1367 1690 fusuris
1416 1647 1736 1698 necessarius,

273 1715 547 1760 medicinae
591 1713 793 1767 inutilis,
836 1716 903 1759 sic
945 1729 1108 1758 rursus
1153 1715 1201 1757 in
1243 1711 1522 1757 fornacibus
1567 1714 1736 1756 existit

168 1785 235 1825 lOl
271 1781 383 1835 alia,
412 1797 539 1842 quae
561 1779 578 1808 ²
606 1783 803 1842 originis
833 1795 950 1825 suae
979 1795 1159 1824 nornen
1179 1777 1198 1807 ³
1226 1781 1414 1839 recipit.
1484 1777 1540 1822 fit
1567 1784 1735 1822 autem

336 1887 551 1938 lprodest
577 1887 763 1925 c(I.Par.
794 1886 1137 1931 6801‚011.Fl0r.
1168 1886 1276 1923 Rzsscc
1297 1884 1316 1921 ?
1341 1889 1519 1935 prosunt
1546 1884 1628 1922 rell.

333 1941 461 1979 ²alia
489 1954 596 2001 quae
623 1947 693 1979 cmc
720 1940 933 1990 aliamque
959 1939 1074 1978 cdd.:
1120 1939 1287 1988 aliaque
1314 1938 1442 1976 aliam
1468 1937 1512 1976 J.
1543 1937 1708 1976 Muller.

331 1996 346 2017 ³
376 1995 545 2045 originis
569 2007 668 2032 suae
693 2006 848 2031 nomen
875 1993 1089 2043 llayhoff:
1133 1992 1314 2030 nominis
1337 1992 1399 2030 sui
1424 1991 1626 2042 originem
1648 1989 1733 2029 odd.

276 2048 374 2086 item
395 2048 499 2087 [sid.
526 2046 605 2086 XX
609 2047 821 2086 1.20.12.

321 2162 338 2179 ⁰
367 2156 400 2193 Α
428 2155 553 2193 blend
576 2155 641 2193 for
663 2154 835 2205 making
858 2154 1039 2192 moulds.

323 2209 337 2233 δ
366 2208 453 2246 The
493 2206 634 2245 colour
680 2208 714 2246 is
762 2208 806 2245 in
852 2206 940 2245 fact
977 2218 1113 2257 green.
1175 2205 1263 2245 One
1301 2207 1472 2256 expects
1510 2203 1583 2243 the
1622 2203 1733 2242 word

271 2262 506 2309 aeruqinem
525 2260 633 2299 here.

315 2321 328 2338 ⁶
360 2316 434 2353 See
454 2315 527 2353 the
548 2318 651 2352 next
671 2317 757 2352 two
777 2318 912 2352 notes.

316 2367 333 2390 ‘¹
367 2368 429 2418 Cf.
454 2370 470 2416 §
494 2370 516 2406 2
540 2368 587 2406 of
604 2368 689 2405 this
711 2367 821 2405 book
846 2369 902 2418 (p.
929 2368 1045 2415 126);
1075 2365 1250 2404 mineral
1267 2365 1471 2404 calamine
1487 2364 1572 2403 and
1587 2363 1734 2403 smith-

268 2423 402 2459 sonite
426 2440 466 2453 Ξ
493 2421 652 2459 silicate
674 2421 758 2459 and
781 2421 1007 2459 carbonate
1029 2419 1076 2458 of
1092 2421 1194 2458 zinc.

325 2482 337 2497 ε’
368 2475 556 2513 Furnace
578 2474 782 2512 calamine
807 2492 847 2505 z
871 2473 995 2511 oxide
1015 2473 1062 2511 of
1075 2474 1179 2511 zinc.
1240 2471 1304 2522 Cf.
1325 2471 1381 2510 K.
1403 2471 1446 2510 C.
1468 2469 1628 2521 Bailey,
1651 2469 1733 2510 The

270 2528 390 2567 Elder
408 2528 571 2577 Pliny's
591 2528 786 2577 Chapters
805 2541 853 2565 οη
877 2526 1083 2565 Chemical
1101 2526 1285 2576 Subjects
1302 2525 1378 2570 ‚IL
1399 2537 1470 2575 pp.
1493 2525 1638 2563 166-7.

269 2619 355 2650 200
