1873 3020
196 637 271 675 126

198 2096 271 2134 128

557 196 795 242 PLINY:
854 195 1181 241 NATURAL
1224 194 1514 242 HISTORY

305 328 480 371 catinis
522 324 684 385 pluvia
725 340 854 385 aqua
894 326 1145 369 conrivato
1185 322 1299 369 limo
1337 322 1568 385 gelante3
1626 323 1682 369 fit
1719 330 1771 369 et

305 401 417 447 salis
447 401 593 446 modo
621 400 1002 461 flagrantissimo
1029 399 1131 445 sole
1159 399 1396 445 admissas
1423 399 1590 446 dulces
1619 416 1770 462 aquas

305 485 531 540 cogente.
603 477 713 522 ideo
771 476 972 539 quidam
1029 476 1210 537 duplici
1269 475 1550 522 differentia
1607 476 1771 524 fossile

304 562 392 600 aut
434 554 685 600 facticium
729 552 1002 615 appellant,
1047 552 1137 598 hoc
1180 552 1389 614 pallidus
1435 560 1487 599 et
1529 561 1771 615 quantum

304 631 481 685 colore,
516 638 712 676 tantum
748 631 975 675 bonitate
1008 629 1242 675 deterius.
1312 630 1524 691 probant
1557 634 1771 677 maxime

307 708 542 770 Cyprium
593 711 639 752 in
689 707 964 752 medicinae
1012 724 1117 752 usu.
1187 709 1397 752 sumitur
1438 707 1501 753 ad
1542 707 1771 768 pellenda

308 788 490 830 ventris
549 784 780 829 animalia
839 783 1106 829 drachmae
1164 783 1383 845 pondere
1440 800 1551 830 cum
1609 784 1769 831 melle.

302 869 483 923 purgat
511 869 561 907 et
587 868 740 922 caput
765 860 977 906 dilutum
1007 877 1063 906 ac
1089 860 1287 905 naribus
1314 859 1625 915 instillatum,
1650 865 1771 907 item

305 938 613 984 stomachum
657 955 768 983 cum
812 937 958 983 melle
1001 944 1089 982 aut.
1131 954 1260 1000 aqua
1301 937 1459 983 mulsa
1501 945 1770 1000 sumptum.

304 1016 535 1061 medetur
564 1022 615 1060 et
644 1014 894 1060 oculorum
922 1014 1185 1060 scabritiae
1213 1013 1468 1076 dolorique
1497 1022 1549 1060 et
1575 1014 1770 1078 caligini

309 1099 359 1137 et
391 1095 484 1137 oris
518 1092 775 1137 ulceribus.
844 1094 975 1137 sistit
1006 1098 1059 1136 et
1087 1094 1381 1154 sanguinem
1411 1094 1620 1147 narium,
1651 1095 1771 1138 item

305 1168 717 1215 haemorroidum.
788 1167 1008 1214 extrahit
1057 1184 1165 1214 ossa
1215 1166 1372 1214 fracta
1423 1185 1535 1214 cum
1585 1171 1772 1216 semine

307 1245 608 1308 hyoscyami.
674 1245 932 1307 suspendit
996 1244 1257 1306 epiphoras
1333 1244 1560 1306 penicillo
1623 1245 1768 1292 fronti

304 1325 588 1383 inpositum,
641 1323 814 1368 efficax
867 1329 919 1368 et
969 1325 1017 1367 in
1071 1321 1349 1383 emplastris
1401 1322 1464 1368 ad
1515 1323 1773 1385 purganda

304 1399 540 1445 volneral
587 1406 638 1445 et
683 1402 1020 1445 excrescentia
1065 1398 1298 1444 ulcerum.
1367 1398 1498 1445 tollit
1542 1407 1594 1446 et
1637 1417 1773 1456 uvas,

308 1476 381 1521 vel
422 1479 457 1521 si
499 1477 705 1522 decocto
744 1483 1035 1539 tangantur,
1075 1492 1185 1521 cum
1227 1475 1309 1521 lini
1350 1492 1546 1538 quoque
1585 1467 1772 1523 semine

306 1557 655 1615 superponitur
687 1553 965 1615 emplastris
997 1553 1059 1598 ad
1091 1552 1282 1598 dolores
1313 1552 1571 1599 tollendos.
1642 1554 1773 1616 quod

306 1646 368 1675 ex
405 1647 462 1675 eo
496 1630 743 1685 candicat,
780 1633 827 1675 in
864 1647 961 1676 uno
996 1647 1085 1675 usu
1123 1629 1403 1691 praefertur
1439 1630 1682 1686 violaceis,
1717 1639 1773 1678 ut

306 1710 542 1769 gravitati
598 1710 787 1752 aurium
844 1724 931 1769 per
986 1706 1173 1752 fistulas
1230 1709 1506 1768 inspiretur.
1577 1707 1773 1754 volnera

307 1800 394 1844 per
421 1801 473 1829 se
503 1784 694 1829 inlitum
725 1791 887 1838 sanat,
916 1784 1002 1829 sed
1031 1787 1215 1844 tinguit
1237 1782 1255 1811 2
1282 1786 1548 1830 cicatrices.
1617 1801 1774 1847 nuper

308 1863 563 1906 inventum
593 1878 812 1906 ursorum
841 1864 888 1905 in
916 1860 1100 1906 harena
1130 1868 1180 1905 et
1209 1860 1403 1906 leonum
1430 1878 1512 1906 ora
1539 1878 1771 1924 spargere

309 1936 404 1990 illo,
432 1945 674 1999 tantaque
702 1946 777 1983 est
803 1941 872 1983 vis
904 1941 950 1982 in
977 1937 1347 2000 adstringendo,
1373 1945 1430 1983 ut
1459 1954 1553 1983 non
1586 1946 1772 2000 queant

305 2014 543 2060 mordere.

368 2091 607 2136 XXXIII.
650 2091 934 2136 Etiamnum
976 2094 1022 2135 in
1060 2094 1259 2136 aerariis
1298 2095 1609 2152 reperiuntur
1644 2109 1771 2154 quae

669 2218 681 2240 ¹
722 2218 967 2257 V.l.11leera..

665 2276 675 2293 '⁶
717 2272 789 2311 VJ.
814 2272 966 2323 tingit:
1008 2272 1177 2322 stringit,
1198 2270 1431 2311 Caesarius.

353 2406 370 2424 ⁰
400 2402 498 2440 Zinc
517 2401 653 2440 oxide.

357 2455 370 2478 ⁶
400 2456 498 2493 Zinc
520 2455 643 2493 oxide
666 2454 788 2493 made
810 2455 973 2505 impure
996 2454 1050 2505 by
1072 2453 1385 2493 charcoal-dust.
1405 2452 1487 2492 and
1516 2453 1625 2493 from
1649 2454 1772 2494 other

299 2521 444 2547 causes
466 2507 538 2555 (K.
560 2509 602 2547 C.
629 2508 803 2558 Bailey)>

307 2598 391 2628 220
