1873 3020
171 571 242 609 142

172 1109 244 1147 143

177 1571 250 1607 144

530 202 764 248 PLINY:
820 201 1146 247 NATURAL
1192 200 1484 246 HISTORY

276 337 401 380 viros
437 333 519 378 illo
556 336 857 394 imperatore
894 331 1086 393 dignOS,
1124 330 1301 392 quibus
1337 329 1428 376 hoc
1464 333 1584 376 satis
1618 329 1738 375 fuit!

276 411 432 456 frater
459 413 562 455 eius
591 408 933 470 Allobrogicus
960 410 1145 469 primus
1173 410 1392 452 omnium
1420 406 1584 468 pondo
1609 406 1741 452 mille

275 487 468 539 habuit,
513 493 566 531 at
613 486 804 531 Drusus
853 484 1018 529 Livius
1065 487 1113 528 in
1160 483 1418 529 tribunatu
1465 483 1627 544 plebei
1673 481 1741 530 5<st

275 581 389 609 nam
419 570 623 625 propter
651 577 680 606 Χ
701 560 720 589 ²
749 561 914 623 pondo
944 567 1173 606 notatum
1204 577 1231 605 a
1260 560 1543 605 censoribus
1571 562 1744 605 trium-

276 640 476 703 phalem
509 656 680 685 senem
714 637 995 683 fabulosum
1027 641 1126 682 iam
1161 637 1374 691 videtur,
1406 640 1528 682 item
1562 636 1743 682 Catum

277 717 493 771 Aelium,
516 733 628 762 cum
651 715 807 778 legati
830 714 1124 760 Aetolorum
1146 717 1196 759 in
1218 713 1478 760 consulatu
1499 713 1744 776 pranden-

278 802 381 841 tem
409 797 458 839 in
487 793 717 839 fictilibus
745 792 984 845 adissent,
1012 794 1159 836 missa
1187 791 1249 836 ab
1278 794 1333 836 iis
1361 807 1476 836 vasa
1504 797 1745 853 argentea

278 888 375 917 non
399 874 647 932 accepisse
671 886 835 932 neque
859 868 993 914 aliud
1017 868 1249 913 habuisse
1273 870 1468 930 argenti
1492 867 1556 913 ad
1577 883 1745 929 supre-

276 965 414 994 mum
445 950 579 993 vitae
610 947 743 993 diem
777 962 926 1008 quam
958 945 1057 991 duo
1088 944 1282 1006 pocula,
1314 961 1443 1006 quae
1476 943 1532 989 L.
1566 943 1745 989 Paulus

278 1041 416 1071 socer
444 1027 487 1070 ei
515 1024 577 1070 ob
604 1027 843 1069 virtutem
870 1022 1066 1068 devicto
1093 1021 1275 1067 Perseo
1300 1037 1420 1084 rege
1445 1021 1744 1066 donavisset.

278 1104 552 1147 invenimus
597 1101 789 1163 legatos
834 1099 1321 1161 Carthaginiensium
1365 1098 1548 1144 dixisse
1590 1097 1746 1143 nullos

281 1178 535 1224 hominum
557 1181 688 1223 inter
708 1193 816 1223 sese
838 1177 1101 1238 benignius
1124 1178 1287 1221 vivere
1311 1191 1461 1237 quam
1483 1174 1745 1220 Romanos.

281 1255 458 1301 eodem
493 1258 624 1300 enim
659 1261 868 1316 argento
903 1253 1035 1314 apud
1069 1268 1239 1298 omnes
1273 1254 1569 1297 cenitavisse
1601 1254 1746 1313 ipsos.

280 1340 349 1386 at,
417 1331 674 1385 Hercules,
740 1330 1030 1392 Pompeium
1098 1329 1377 1383 Paulinum,
1441 1328 1748 1374 Arelatensis

282 1412 462 1471 equitis
506 1408 714 1454 Romani
759 1408 911 1452 filium
954 1414 1268 1468 paternaque
1309 1412 1463 1467 gente
1504 1405 1749 1467 pellitum,

287 1496 357 1534 in
383 1485 548 1548 pondo
568 1488 763 1548 argenti
790 1484 1023 1529 habuisse
1050 1483 1183 1545 apud
1212 1486 1486 1528 exercitum
1512 1481 1750 1528 ferocissi-

283 1567 373 1609 mis
393 1563 627 1625 gentibus
648 1565 931 1624 oppositum
951 1564 1128 1606 scimus
1147 1576 1157 1614 ;
1194 1560 1322 1622 (LI.)
1345 1559 1498 1605 lectos
1515 1576 1631 1605 vero
1650 1562 1748 1604 iam

283 1640 474 1702 pridem
503 1639 766 1685 mulierum
799 1646 931 1684 totos
961 1641 1139 1699 operiri
1168 1643 1395 1699 argento,
1436 1636 1629 1698 pridem
1650 1636 1670 1665 3
1699 1643 1751 1682 et

284 1717 510 1763 triclinia.
579 1717 756 1778 quibus
778 1722 1043 1778 argentum
1064 1714 1313 1760 addidisse
1332 1717 1518 1776 primus
1537 1713 1752 1758 traditur

284 1794 521 1840 Carvilius
552 1793 705 1839 Pollio
734 1809 886 1855 eques
914 1792 1184 1846 Romanus,
1211 1808 1309 1836 non
1337 1798 1394 1836 ut
1421 1793 1639 1852 operiret
1663 1796 1751 1835 aut

286 1874 491 1920 Deliaca
536 1877 700 1935 specie
745 1872 953 1927 faceret,
998 1872 1087 1917 sed
1133 1870 1413 1925 Punicana3
1476 1870 1654 1916 eadem
1699 1876 1751 1916 et

342 2003 354 2026 1
386 1998 415 2040 2}
435 2002 540 2041 coni.
564 2001 778 2051 Mafflmff:
812 2011 861 2039 XI
883 2000 999 2038 milia
1019 1999 1077 2039 cd.
1102 2000 1198 2037 Par.
1222 2000 1349 2038 6801:
1383 2009 1411 2036 X
1432 1998 1516 2037 rell.
1536 1999 1594 2046 (Χ
1620 1998 1689 2045 Β).

338 2056 353 2116 2.
385 2067 413 2094 Χ
443 2055 686 2094 Freinshem
715 2055 802 2094 coll.
835 2055 923 2092 Liv.
950 2054 1029 2103 Ep.
1063 2053 1181 2099 XIV,
1218 2053 1303 2092 Val.
1333 2052 1451 2091 Max.
1479 2052 1624 2097 11.9.4‚
1650 2057 1746 2090 eta:

284 2123 546 2263 {ugn1}¹i}{1)n
577 2162 682 2201 coni.
716 2160 931 2211 Mayhoff:
984 2159 1195 2210 quaedam
1222 2158 1308 2198 cdd.
1343 2158 1533 2209 (quidem
1559 2156 1619 2197 od.
1650 2158 1748 2196 Par.

320 2222 376 2255 at.
428 2219 448 2254 7
530 2246 537 2254 .

338 2370 355 2388 ⁰
386 2364 433 2410 Q.
465 2363 622 2402 Fabius
651 2362 863 2401 Maximus
892 2361 1197 2414 Allobrogicus
1228 2360 1373 2400 consul
1401 2360 1445 2399 in
1478 2361 1566 2406 121,
1596 2358 1682 2399 and
1707 2358 1750 2397 in

282 2419 434 2468 reality
457 2431 479 2455 a
504 2416 677 2467 nephew
701 2417 748 2454 of
766 2415 1038 2454 Aemilianus.

341 2472 356 2495 ὓ
386 2472 430 2509 P.
459 2470 675 2509 Cornelius
703 2470 894 2507 Rufinus

340 2532 353 2548 Ρ
382 2526 425 2563 C.
451 2524 666 2562 Fabricius
688 2523 771 2560 aud
795 2523 841 2568 Q.
869 2521 1084 2560 Aemilius.
1144 2520 1205 2559 Cf.
1230 2521 1247 2567 ἓ
1272 2522 1358 2559 153.

292 2614 372 2657 [06
