1873 3020
167 556 238 596 102

165 1276 234 1315 103

158 1916 227 1955 104

532 180 766 226 PLINY:
821 181 1146 228 NATURAL
1195 181 1486 229 HISTORY

277 317 354 356 est
383 327 488 355 mas
518 311 834 371 scabriorque
867 317 919 355 et
950 313 1111 355 minus
1144 310 1447 371 ponderosus
1479 314 1740 373 minusque

272 391 470 436 radians
507 397 559 436 et
593 389 895 444 harenosior,
929 389 1116 435 femina
1151 397 1323 436 contra
1358 394 1504 445 nitet,
1538 390 1740 436 friabilis

274 471 573 532 fissurisque,
592 487 688 516 non
706 470 882 532 globis,
900 469 1174 515 dehiscens.

334 550 565 596 XXXIV.
603 549 686 595 Vis
757 553 860 595 eius
930 550 1240 612 adstringere
1308 567 1365 596 ac
1429 550 1740 614 refrigerare,

271 630 550 692 principalis
589 637 759 676 autem
797 633 924 675 circa
963 630 1145 685 oculos,
1184 646 1399 692 namque
1437 630 1549 677 ideo
1587 634 1739 677 etiam

271 711 493 773 plerique
516 709 985 773 platyophthalmon
1009 710 1058 755 id
1080 710 1413 772 appellavere,
1435 715 1668 773 quoniam
1690 714 1739 756 in

270 790 632 852 calliblepharis
668 790 929 835 mulierum
965 790 1145 836 dilatet
1179 790 1361 845 oculos,
1397 798 1449 836 et
1482 790 1739 837 fluctiones

272 870 463 917 inhibet
505 870 756 916 oculorum
800 870 1296 933 exulcerationesque
1333 870 1493 916 farina
1535 874 1638 917 eius
1682 888 1739 917 ac

270 954 390 996 turis
416 954 595 996 cummi
623 951 861 996 admixto.
931 953 1061 996 sistit
1087 957 1139 996 et
1162 954 1458 1013 sanguinem
1484 967 1510 997 e
1534 951 1738 997 cerebro

268 1030 616 1092 profluentem,
638 1031 973 1076 efficacissime
993 1029 1010 1058 1
1034 1038 1085 1076 et
1106 1038 1278 1076 contra
1299 1034 1519 1077 recentia
1539 1031 1738 1077 volnera

266 1118 318 1156 et
353 1118 523 1156 contra
563 1118 757 1156 veteres
793 1127 973 1156 canum
1010 1127 1198 1156 morsus
1235 1114 1456 1172 inspersa
1491 1110 1650 1156 farina
1686 1118 1738 1157 et

267 1198 438 1236 contra
480 1191 710 1236 ambusta
753 1194 852 1253 igni
893 1208 1004 1236 cum
1045 1191 1191 1252 adipe
1233 1208 1288 1236 ac
1327 1207 1503 1253 spuma
1542 1194 1736 1254 argenti

267 1287 564 1333 cerussaque
603 1278 655 1316 et
690 1288 819 1316 cera.
888 1274 1046 1316 uritur
1081 1278 1251 1316 autem
1288 1271 1391 1316 offis
1427 1271 1599 1317 bubuli
1636 1271 1734 1317 fimi

265 1351 596 1396 circumlitum
631 1354 679 1396 in
713 1350 934 1405 clibanis,
968 1351 1082 1396 dein
1117 1354 1443 1413 restinguitur
1473 1351 1735 1397 mulierum

266 1430 394 1476 lacte
431 1434 711 1493 teriturque
749 1434 797 1476 in
834 1434 1080 1476 mortariis
1117 1431 1342 1476 admixta
1379 1447 1508 1494 aqua
1542 1431 1736 1493 pluvia;

264 1527 320 1555 30
361 1511 571 1556 subinde
613 1511 866 1556 turbidum
910 1510 1275 1556 transfunditur
1316 1515 1363 1556 in
1407 1527 1609 1557 aereum
1651 1528 1735 1557 vas

264 1591 591 1636 emundatum
620 1595 764 1636 nitro.
834 1590 948 1636 faex
978 1595 1080 1636 eius
1109 1591 1418 1653 intellegitur
1442 1591 1734 1653 plumbosis-

261 1674 401 1725 sima,
427 1687 555 1733 quae
585 1671 811 1716 subsedit
839 1674 888 1716 in
918 1675 1171 1726 mortario,
1203 1671 1554 1734 abiciturque.2
1617 1671 1733 1717 dein

263 1767 364 1805 vas,
398 1754 447 1796 in
482 1751 613 1813 quod
648 1751 847 1796 turbida
883 1750 1131 1797 transfusa
1165 1754 1280 1806 sint,
1315 1758 1546 1813 opertum
1580 1751 1734 1798 linteo

263 1847 351 1892 per
403 1839 600 1876 noctem
656 1831 949 1893 relinquitur
1003 1839 1054 1877 et
1107 1839 1306 1892 postero
1358 1832 1439 1877 die
1492 1831 1732 1895 quidquid

260 1914 455 1956 innatet
485 1911 754 1956 effunditur
781 1928 1065 1974 spongeave
1093 1911 1298 1957 tollitur.
1367 1912 1500 1974 quod
1525 1912 1592 1957 ibi
1619 1912 1731 1958 sub-

260 1991 406 2045 sedit,
447 1991 533 2037 flos
573 1991 883 2054 intellegitur
921 2008 977 2037 ac
1016 1991 1170 2037 linteo
1209 1995 1504 2053 interposito
1541 1995 1591 2038 in
1628 1991 1730 2037 sole

258 2074 487 2126 siccatur,
525 2089 621 2117 non
659 2079 715 2117 ut
751 2079 1055 2133 perarescat,
1091 2075 1374 2134 iterumque
1410 2075 1460 2117 in
1495 2075 1730 2118 mortario

260 2154 439 2197 teritur
473 2158 525 2197 et
554 2154 603 2197 in
636 2151 857 2213 pastillos
890 2152 1140 2197 dividitur.
1208 2159 1327 2198 ante
1360 2155 1524 2198 omnia
1557 2159 1727 2198 autem

331 2310 346 2333 ¹
375 2310 662 2349 efficacissime
683 2311 745 2349 B:
784 2311 943 2350 efficaci
963 2311 1047 2350 rell.
1071 2311 1297 2359 (efficacior
1315 2311 1374 2350 cd.
1397 2311 1495 2350 Par.
1517 2312 1654 2360 6801).

329 2364 343 2387 ²
373 2364 641 2414 abiciturque
667 2365 814 2403 Gelen:
859 2365 1130 2415 abigiturque
1154 2371 1225 2404 aut
1250 2364 1445 2403 abicitur.

793 2509 811 2527 ⁰
838 2505 913 2545 See
936 2516 1092 2543 xxxiv.
1117 2507 1205 2545 175.

253 2581 308 2641 78
