1873 3020
218 586 267 624 57

217 1146 268 1184 58

559 204 765 256 PLINY
783 226 793 257 :
846 208 1171 256 NATURAL
1218 207 1509 257 HISTORY

301 356 376 385 res
400 356 447 401 p.
473 339 777 400 locupletior.
847 338 1013 384 intulit
1039 347 1090 384 et
1113 339 1353 384 Aemilius
1378 339 1558 385 Paulus
1584 338 1765 386 Perseo

300 435 417 481 rege
438 422 566 464 victo
587 435 613 464 e
637 418 961 464 Macedonica
981 418 1167 480 praeda
1190 427 1327 484 [imm
1354 454 1364 473 ,
1379 435 1407 464 a
1424 435 1522 481 quo
1540 426 1765 482 tempore

296 498 505 561 populus
532 498 781 544 Romanus
807 498 1051 543 tributum
1078 498 1298 560 pendere
1323 498 1484 544 desiit.

361 578 550 624 XVIII.
621 578 917 640 Laquearia,
941 595 1069 640 quae
1092 595 1221 623 nunc
1243 585 1294 623 et
1317 581 1365 623 in
1386 582 1589 640 privatis
1610 578 1765 624 domi-

300 659 390 705 bus
414 675 533 704 auro
558 665 816 721 teguntur,
840 665 953 719 post
977 657 1335 721 Carthaginem
1361 675 1583 704 eversam
1607 662 1765 721 primo

300 742 350 784 in
373 738 619 800 Capitolio
642 742 873 783 inaurata
898 745 1014 784 sunt
1037 754 1245 784 censura
1270 737 1326 784 L.
1355 738 1584 784 Mummi.
1650 739 1766 784 inde

298 822 540 864 transiere
570 822 619 863 in
647 834 869 863 camaras
900 834 1097 880 quoque
1129 825 1180 863 et
1209 821 1444 880 parietes,
1474 821 1556 880 qui
1584 822 1683 864 iam
1715 825 1766 864 et

300 902 390 960 ipsi
421 906 681 961 tamquam
714 915 829 943 vasa
859 901 1169 952 inaurantur,
1201 915 1312 943 cum
1345 902 1477 944 varie
1507 915 1595 944 sua
1626 905 1766 945 aetas

299 979 362 1024 de
385 978 563 1024 Catulo
587 981 963 1033 existimaverit,
986 978 1118 1040 quod
1141 977 1337 1041 tegulas
1359 994 1531 1024 aereas
1553 977 1763 1041 Capitoli

299 1062 590 1104 inaurasset.

361 1138 499 1184 XIX.
568 1137 754 1183 Primos
796 1142 1078 1183 inventores
1120 1141 1242 1193 auri,
1283 1141 1410 1184 sicut
1450 1138 1765 1184 metallorum

299 1218 403 1264 fere
419 1221 656 1273 omnium,
673 1221 886 1280 septimo
902 1217 1149 1263 volumine
1166 1218 1394 1264 diximus.
1448 1222 1766 1281 praecipuam

297 1302 512 1360 gratiam
538 1297 650 1343 huic
676 1301 918 1344 materiae
944 1296 1094 1343 fuisse
1121 1298 1331 1343 arbitror
1356 1315 1454 1343 non
1479 1298 1657 1353 colore,
1683 1303 1765 1361 qui

297 1378 470 1424 clarior
516 1382 565 1423 in
612 1385 821 1440 argento
865 1385 942 1423 est
984 1381 1242 1440 magisque
1286 1378 1384 1423 diei
1426 1378 1612 1434 similis,
1654 1379 1767 1425 ideo

298 1458 591 1504 militaribus
608 1461 758 1520 signis
774 1456 1077 1512 familiarior,
1094 1461 1326 1520 quoniam
1346 1457 1364 1486 1
1380 1457 1572 1520 longius
1588 1457 1766 1521 fulget,

299 1538 564 1583 manifesto
604 1554 768 1583 errore
808 1554 996 1592 eorum,
1036 1541 1118 1600 qui
1157 1538 1370 1583 colorem
1409 1538 1626 1583 siderum
1664 1538 1764 1600 pla—

298 1621 455 1663 cuisse
491 1621 541 1663 in
578 1634 696 1663 auro
732 1618 1057 1672 arbitrantur,
1093 1634 1204 1663 cum
1241 1621 1290 1662 in
1326 1634 1524 1680 gemma
1561 1618 1767 1680 aliisque

300 1698 444 1743 rebus
470 1715 566 1743 non
591 1702 655 1743 sit
678 1701 988 1759 praecipuus.
1056 1713 1147 1743 nec
1170 1697 1390 1759 pondere
1414 1705 1502 1743 aut
1525 1697 1767 1744 facilitate

300 1782 539 1823 materiae
573 1778 853 1839 praelatum
890 1785 966 1823 cst
998 1781 1176 1824 ceteris
1210 1777 1443 1832 metalliS,
1475 1794 1587 1823 cum
1620 1778 1767 1824 cedat

301 1874 388 1919 per
410 1866 677 1920 utrumque
700 1857 942 1919 plumb0,2
965 1857 1053 1903 sed
1076 1861 1192 1919 quia
1215 1874 1378 1903 rerum
1402 1861 1486 1902 uni
1509 1857 1628 1903 nihil
1651 1862 1766 1919 igne

300 1938 512 1999 deperit,
559 1937 709 1984 tuto3
756 1941 909 1983 etiam
956 1941 1006 1982 in
1051 1937 1288 1982 incendiis
1335 1941 1580 1999 rogisque.
1649 1941 1764 1999 quin

301 2021 449 2063 immo
506 2035 603 2080 quo
657 2021 853 2079 saepius
910 2021 1046 2072 arsit,
1102 2017 1296 2079 proficit
1351 2017 1414 2063 ad
1470 2017 1767 2072 bonitatem,

367 2116 380 2138 1
422 2116 492 2155 122.
523 2129 606 2166 quo
635 2116 785 2154 nimis:
833 2116 1035 2165 quoniam
1062 2115 1105 2152 in
1132 2115 1181 2153 iis
1207 2115 1313 2154 coni.
1344 2114 1546 2166 Mayhofs.

364 2170 377 2192 2
408 2169 583 2219 plumbo
608 2169 693 2207 cdd.
715 2185 722 2207 :
767 2169 991 2220 plumbum
1016 2169 1121 2207 coni.
1149 2168 1204 2206 K.
1232 2168 1278 2207 G.
1305 2168 1464 2218 Bailey.

362 2225 377 2245 ²⁵
420 2223 504 2261 ΚΗ.
528 2228 636 2268 tota,
658 2228 768 2260 toto.

430 2388 447 2407 ⁰
477 2384 592 2433 King
614 2383 662 2421 of
678 2382 941 2427 Macedonia,
965 2381 1161 2420 defeated
1182 2387 1228 2420 at
1249 2381 1413 2433 Pydna,
1440 2383 1514 2421 168
1539 2393 1618 2421 B.c.

432 2436 447 2460 ¹¹
477 2437 517 2475 lt
538 2450 622 2474 was
642 2441 719 2474 not
739 2436 873 2474 levied
894 2437 1004 2474 after
1027 2437 1100 2474 167
1123 2447 1204 2473 13.c.

430 2496 445 2514 ⁶
473 2490 547 2529 I.e.
577 2490 627 2528 hc
654 2503 738 2527 was
768 2490 823 2539 by
851 2502 906 2527 no
934 2501 1078 2527 means
1107 2488 1365 2539 universally
1392 2488 1621 2540 approved.

434 2543 451 2566 ‘¹
481 2543 580 2581 This
601 2544 634 2580 is
656 2549 732 2581 not
753 2547 858 2581 true.

300 2621 358 2676 46
