1899 3015
272 615 322 652 25

273 1213 323 1251 26

610 212 851 258 PLINY:
910 213 1235 259 NATURAL
1279 213 1571 260 HISTORY

353 343 731 401 suspicatusque
791 339 972 401 aliquid
1035 344 1082 384 in
1142 356 1201 385 ea
1260 344 1470 394 virtutis,
1529 341 1661 402 quod
1719 345 1822 403 ipse

355 410 584 461 nesciret,
634 409 882 452 revocavit
931 406 1172 461 tabulam,
1221 407 1395 453 Attalo
1444 407 1656 453 multum
1705 424 1818 470 que-

355 481 515 527 rente,
551 481 602 519 et
636 476 683 517 in
719 473 910 518 Cereris
954 473 1160 519 delubro
1203 477 1383 535 posuit,
1422 490 1571 535 quam
1615 477 1820 535 primam

355 541 565 585 arbitror
625 543 869 600 picturam
932 546 1191 585 externam
1254 540 1441 586 Romae
1503 540 1820 602 publicatam.

354 607 534 652 deinde
577 606 719 652 video
761 613 813 651 et
853 609 901 651 in
943 606 1047 652 foro
1089 610 1272 668 positas
1314 607 1471 669 volgo.
1539 606 1652 652 hinc
1693 610 1821 653 enim

355 673 434 719 ille
487 672 646 718 Crassi
699 676 904 718 oratoris
957 673 1091 734 lepos
1145 677 1338 735 agentis
1390 674 1481 719 sub
1534 673 1824 728 Veteribus3

354 757 465 786 cum
505 742 647 785 testis
686 739 1010 801 compellatus
1050 742 1287 786 instaret:
1344 740 1421 786 dic
1460 756 1594 802 ergo,
1633 740 1823 794 Crasse,

354 806 552 868 qualem
610 822 690 851 me
748 807 911 852 noris?
988 806 1158 861 talem,
1216 809 1393 868 inquit,
1450 807 1719 853 ostendens
1776 810 1823 852 in

354 873 526 919 tabula
585 873 919 918 inficetissime
980 873 1177 919 Gallum
1238 880 1528 919 exerentem
1587 873 1821 936 linguam.

355 944 403 985 in
432 940 536 985 foro
566 939 660 985 fuit
690 947 742 985 et
770 940 852 985 illa
879 943 1089 1001 pastoris
1118 943 1246 986 senis
1276 957 1388 986 cum
1416 940 1608 995 baculo,
1637 940 1698 987 de
1728 956 1824 1003 qua

353 1007 692 1052 Teutonorum
737 1006 932 1069 legatus
977 1007 1233 1068 respondit
1276 1010 1628 1069 interrogatus,
1673 1024 1823 1070 quan-

355 1073 493 1120 tinel
523 1089 637 1119 eum
667 1077 973 1128 aestimaret,
1003 1074 1171 1120 donari
1202 1075 1290 1119 sibi
1323 1074 1451 1120 nolle
1479 1074 1633 1120 talem
1661 1077 1822 1120 vivum

355 1156 640 1201 verumque.

421 1207 506 1253 IX.
544 1207 641 1253 Sed
678 1209 997 1268 praecipuam
1035 1210 1385 1253 auctoritatem
1424 1206 1618 1268 publice
1643 1207 1824 1253 tabulis

356 1274 475 1319 fecit
511 1273 692 1319 Caesar
728 1273 942 1320 dictator
977 1274 1130 1319 Aiace
1168 1281 1219 1319 et
1258 1273 1431 1319 Media
1467 1280 1584 1319 ante
1620 1273 1825 1319 Veneris

356 1341 632 1387 Genetricis
664 1341 840 1387 aedem
870 1341 1062 1395 dicatis,
1092 1347 1204 1402 post
1235 1356 1350 1386 eum
1383 1340 1455 1386 M.
1487 1341 1727 1402 Agrippa,
1759 1344 1827 1386 vir

355 1410 618 1453 rusticitati
656 1410 853 1469 propior
889 1424 1038 1469 quam
1075 1407 1275 1453 deliciis.
1346 1414 1513 1453 exstat
1549 1415 1684 1453 certe
1723 1410 1826 1453 eius

354 1478 511 1520 oratio
542 1474 805 1536 magnifica
836 1481 888 1520 et
919 1477 1135 1520 maximo
1164 1477 1341 1520 civium
1374 1474 1525 1536 digna
1553 1474 1614 1520 de
1646 1475 1826 1520 tabulis

355 1542 582 1586 omnibus
638 1544 889 1603 signisque
947 1541 1271 1603 publicandis,
1327 1541 1458 1602 quod
1515 1541 1617 1586 fieri
1674 1544 1826 1587 satius

356 1608 531 1653 fuisset
561 1625 709 1669 quam
741 1611 790 1653 in
820 1608 1043 1653 villarum
1075 1608 1221 1653 exilia
1250 1608 1380 1670 pelli.
1451 1624 1620 1653 verum
1651 1608 1825 1653 eadem

356 1674 437 1720 illa
468 1678 673 1720 torvitas
708 1675 902 1720 tabulas
934 1675 1057 1721 duas
1090 1675 1253 1720 Aiacis
1287 1682 1338 1720 et
1370 1674 1575 1720 Veneris
1607 1682 1826 1720 mercata

356 1749 433 1788 est
480 1758 509 1787 a
550 1741 804 1804 Cyzicenis
847 1742 940 1787 Hs2
984 1741 1139 1806 &5133
1183 1745 1230 1787 in
1275 1741 1581 1787 thermarum
1629 1757 1826 1804 quoque

586 1873 599 1895 ¹
630 1873 780 1921 quanti
801 1872 859 1911 cd.
882 1873 981 1911 Par.
1005 1874 1122 1911 6801.

584 1926 598 1948 2
626 1926 852 1980 QGelen:
895 1926 923 1964 h
945 1933 1026 1978 ΠΠ
1053 1926 1137 1965 Blz
1179 1925 1243 1964 hss'
1266 1925 1348 1964 132:
1388 1939 1466 1964 om.
1491 1925 1572 1964 rell.

583 1980 597 2002 ³
624 1979 715 2031 lxnl
736 1979 817 2018 Ian
836 1996 844 2019 :
884 1980 962 2018 alii
981 1980 1067 2018 alia
1086 1995 1094 2018 :
1134 1990 1199 2018 XII
1223 1979 1285 2018 B:
1328 1990 1408 2017 x111
1429 1979 1512 2018 rell.

413 2175 430 2192 ‘²
460 2170 577 2207 With
605 2169 752 2220 regard
781 2173 828 2208 to
856 2169 941 2207 this
969 2174 1116 2220 story:
1165 2169 1213 2218 (i)
1244 2169 1361 2208 there
1391 2181 1474 2207 was
1503 2182 1558 2207 no
1585 2169 1757 2207 auction
1784 2169 1832 2206 of

357 2223 563 2273 pictures;
613 2223 845 2261 Mummius
877 2222 982 2261 took
1015 2228 1061 2261 to
1095 2222 1232 2261 Rome
1264 2222 1336 2261 the
1369 2226 1483 2260 most
1516 2221 1712 2260 valuable
1743 2222 1824 2260 and

358 2276 525 2314 handed
553 2290 654 2314 over
680 2276 753 2315 the
780 2280 865 2315 rest
892 2280 938 2314 to
967 2275 1285 2327 Philopoemen.
1346 2276 1409 2324 (ii)
1439 2276 1612 2314 Attalus
1640 2288 1725 2313 was
1750 2280 1827 2313 not

359 2334 528 2380 present
562 2335 608 2368 at
635 2330 811 2369 Corinth
840 2329 993 2379 (where
1021 2329 1106 2368 this
1141 2342 1262 2368 scene
1289 2329 1521 2377 occurred).
1591 2329 1725 2367 When
1755 2328 1827 2366 the

358 2383 526 2421 Roman
548 2383 723 2421 soldiers
746 2397 851 2421 were
873 2383 994 2433 using
1017 2382 1089 2421 the
1112 2383 1295 2433 pictures
1317 2395 1363 2420 as
1385 2382 1662 2427 dice-boards,
1688 2382 1826 2420 Philo-

359 2449 537 2487 poemen
564 2436 720 2475 offered
747 2437 803 2475 M.
836 2438 910 2476 100
938 2436 1097 2475 talents
1123 2436 1159 2475 if
1182 2436 1233 2474 he
1260 2435 1413 2474 should
1439 2436 1579 2486 assign
1606 2434 1824 2474 Aristides'

356 2490 518 2540 picture
544 2494 590 2528 to
617 2489 803 2528 Attalus’
832 2489 953 2528 share
979 2489 1120 2539 (Paus.
1143 2488 1242 2536 VII,
1268 2490 1328 2536 16,
1358 2489 1402 2536 l;
1440 2489 1487 2536 83
1521 2488 1676 2528 Strabo
1704 2487 1825 2534 VIII,

358 2545 395 2581 4.
416 2543 466 2581 23
491 2561 533 2576 ==
557 2545 667 2592 381).

359 2631 444 2685 278
