1873 3020
196 609 240 645 18

199 1304 242 1339 Η)

533 209 767 258 PLINY:
822 203 1147 258 NATURAL
1194 209 1487 258 HISTORY

274 369 349 396 ——‚
378 348 434 387 ut
463 340 634 386 aedilis
664 340 843 386 curulis
873 348 1129 386 crearetur
1158 357 1268 386 cum
1300 340 1360 397 Q.
1391 341 1567 386 Anicio
1595 339 1741 386 Prae-

273 431 484 481 nestino,
522 431 601 489 qui
643 431 810 489 paucis
848 434 966 473 ante
1003 430 1143 473 annis
1181 427 1334 473 hostis
1371 425 1564 481 fuisset,
1600 442 1740 490 prae·

273 518 432 560 teritis
457 514 509 560 C.
533 514 742 560 Poetilio
764 521 816 560 et
841 515 1080 568 Domitio,
1101 531 1310 576 quorum
1330 521 1499 576 patres
1518 512 1741 560 consules

276 601 490 647 fuerant.
560 601 786 647 additum
811 601 996 656 Flavio,
1018 608 1073 647 ut
1093 600 1237 646 simul
1260 608 1311 647 et
1332 601 1558 647 tribunus
1578 600 1739 662 plebei

273 696 421 743 esset,
456 705 553 750 quo
588 688 721 734 facto
755 695 900 734 tanta
933 688 1211 750 indignatio
1246 691 1449 743 exarsit,
1482 695 1539 733 ut
1571 686 1741 733 anulos

272 775 490 820 abiectos
516 779 565 820 in
591 778 944 837 antiquissimis
970 778 1250 836 reperiatur
1274 775 1549 820 annalibus.
1615 773 1743 819 fallit

273 862 533 924 plerosque
560 862 692 924 quod
717 869 825 908 tum
853 869 905 908 et
931 869 1216 924 equestrem
1242 862 1467 908 ordinem
1493 861 1542 907 id
1567 860 1741 907 fecisse

273 949 605 1003 arbitrantur3
666 952 851 994 etenim
895 949 1146 994 adiectum
1189 948 1280 994 hoc
1322 965 1520 1011 quoque
1561 948 1649 994 sed
1691 954 1742 993 et

276 1035 502 1097 phaleras
517 1040 703 1098 positas
720 1044 1023 1098 propterque
1042 1036 1131 1083 hoc
1146 1052 1325 1081 nomen
1344 1039 1569 1098 equitum
1583 1035 1742 1081 adiec-

276 1131 381 1168 tum
415 1130 507 1177 est,
533 1123 805 1185 anulosque
831 1123 1082 1185 depositos
1113 1140 1141 1168 a
1172 1122 1435 1168 nobilitate
1461 1126 1508 1168 in
1539 1122 1741 1168 annales

275 1209 485 1255 relatum
522 1217 615 1264 est,
649 1227 745 1256 non
779 1227 804 1255 a
839 1218 1018 1256 senatu
1054 1214 1295 1255 universo.
1364 1209 1455 1256 hoc
1487 1218 1652 1256 actum
1689 1209 1740 1255 P.

275 1295 564 1359 Sempronio
613 1297 668 1343 L.
718 1297 932 1359 Sulpicio
978 1314 1073 1343 cos.
1146 1297 1339 1343 Flavius
1388 1300 1520 1343 vovit
1565 1297 1741 1343 aedem

275 1383 596 1437 Concordiae,
624 1387 661 1430 si
691 1384 873 1446 populo
902 1384 1265 1430 reconciliasset
1293 1384 1506 1437 ordines,
1535 1391 1604 1438 et,
1631 1401 1741 1429 cum

274 1469 336 1515 ad
356 1470 404 1515 id
427 1474 635 1532 pecunia
657 1471 852 1532 publice
874 1488 971 1517 non
991 1471 1362 1526 decerneretur,
1384 1487 1445 1516 ex
1465 1471 1741 1517 multaticia

275 1556 668 1603 faeneratoribus
703 1558 1045 1604 condemnatis
1080 1557 1356 1603 aediculam
1391 1574 1589 1603 aeream
1623 1557 1741 1603 fecit

275 1647 324 1688 in
375 1644 707 1697 Graecostasi,
758 1661 887 1707 quae
938 1652 1057 1690 tunc
1111 1662 1258 1707 supra
1308 1648 1563 1690 comitium
1617 1652 1742 1695 erat,

276 1731 546 1794 inciditque
604 1735 650 1776 in
708 1731 893 1777 tabella
951 1748 1099 1777 aerea
1155 1731 1339 1777 factam
1397 1748 1507 1777 eam
1565 1732 1740 1777 aedem

277 1833 411 1862 ccml
461 1822 599 1863 annis
648 1826 760 1880 post
807 1818 1138 1880 Capitolinam
1199 1819 1498 1865 dedicatam.
1580 1818 1629 1864 id
1676 1819 1742 1864 a.2

275 1920 623 1950 ccccxxxxvun
657 1922 684 1950 a
715 1906 914 1951 condita
949 1906 1070 1951 urbe
1102 1913 1299 1968 gestum
1336 1913 1411 1952 est
1446 1913 1497 1951 et
1529 1909 1740 1968 primum

276 1991 531 2037 anulorum
575 1996 837 2055 vestigium
882 2000 1054 2046 extat3
1112 1997 1372 2054 promiscui
1416 2000 1585 2038 autem
1628 2009 1741 2038 usus

275 2078 484 2124 alterum
532 2080 749 2125 secundo
795 2079 978 2125 Punico
1023 2080 1168 2134 bello,
1214 2096 1377 2142 neque
1423 2083 1553 2125 enim
1599 2079 1743 2125 aliter

413 2207 421 2230 ¹
455 2213 713 2258 propterque
734 2207 814 2245 hoc
832 2206 1065 2245 Raclcham:
1097 2207 1174 2245 aliz·
1194 2207 1302 2245 alia:
1337 2213 1607 2259 propterque.

412 2261 427 2284 ²
457 2261 497 2298 id
520 2275 558 2300 a.
583 2263 725 2310 (anno)
749 2261 794 2299 Ο.
818 2262 867 2299 F.
900 2262 956 2300 W.
981 2262 1160 2300 Milller:
1200 2262 1273 2300 ita.

331 2373 348 2390 ‘³
380 2367 594 2417 Probably
624 2368 665 2405 in
696 2367 768 2405 the
798 2381 882 2405 war
912 2367 1013 2406 with
1043 2367 1115 2405 the
1145 2367 1295 2406 twelve
1326 2368 1454 2406 tribes
1483 2368 1531 2406 of
1556 2368 1739 2412 Etruria,

279 2420 369 2457 who
393 2434 494 2458 were
516 2421 750 2470 ‹·011quered
776 2421 829 2471 by
853 2421 1008 2459 Fabius
1028 2426 1073 2459 at
1095 2421 1208 2459 Lake
1230 2421 1424 2466 Vadimo,
1445 2422 1523 2460 310
1546 2432 1624 2459 ΒΓ.

337 2474 350 2496 '¹
383 2475 412 2512 Α
448 2474 650 2524 platsorm
679 2474 814 2513 Greek
845 2475 943 2518 and,
974 2475 1092 2518 later,
1121 2487 1205 2525 any
1233 2474 1397 2525 foreign
1427 2487 1589 2525 envoys
1619 2475 1739 2514 could

282 2528 416 2564 watcli
440 2528 727 2578 proceedings.
789 2529 831 2566 It
853 2540 938 2566 was
960 2528 1067 2566 later
1089 2528 1236 2579 placed
1260 2529 1301 2566 in
1323 2529 1398 2567 the
1418 2528 1589 2567 Forum.

290 2604 338 2646 ιζ)
