1899 3015
605 200 847 246 PLINY:
907 199 1234 246 NATURAL
1278 198 1571 246 HISTORY

358 327 534 373 Matris
579 328 728 373 deum
773 327 1073 381 sacerdotes,
1117 329 1201 388 qui
1246 326 1373 372 Galli
1419 332 1672 380 vocantur,
1716 328 1823 371 viri-

354 408 549 453 litatem
599 414 860 469 amputare
910 423 1000 452 nec
1050 407 1194 452 aliter
1241 409 1363 452 citra
1413 408 1698 468 perniciem,
1750 405 1821 452 M.

355 487 524 533 Caelio
581 487 858 541 credamus,
917 489 999 549 qui
1059 486 1280 548 linguam
1338 489 1405 532 sic
1466 486 1822 548 amputandam

354 569 537 613 obiecit
583 570 719 630 gravi
763 568 959 629 probro,
1002 574 1261 629 tamquam
1311 573 1362 612 et
1411 570 1514 629 ipse
1561 569 1659 611 iam
1707 573 1825 612 tunc

356 648 518 693 eidem
577 647 776 693 Vitellio
834 647 1171 693 malediceret.
1240 647 1359 708 quid
1417 663 1513 692 non
1573 649 1824 709 excogitat

355 729 492 773 vita1
533 727 699 773 fractis
755 731 906 774 etiam
961 731 1102 773 testis
1157 727 1361 781 utendo,
1414 730 1481 773 sic
1534 733 1590 772 ut
1642 726 1825 772 firmius

354 808 553 862 durent,
597 811 754 853 tunsis
797 808 930 853 calce
974 808 1161 861 addita,
1205 823 1334 869 quae
1377 813 1556 853 vocant
1597 805 1824 869 Signina!

356 905 454 950 quo
492 905 678 950 genere
718 891 871 934 etiam
910 891 1197 950 pavimenta
1237 890 1554 951 excogitavit.

245 975 321 1013 166
416 969 624 1014 XLVII.
662 969 847 1014 Verum
895 975 947 1014 et
991 971 1142 1030 ipsius
1187 975 1352 1014 terrae
1398 974 1515 1014 sunt
1559 967 1654 1013 alia
1698 984 1823 1014 com-

355 1056 541 1094 menta.
611 1052 719 1110 quis
773 1052 905 1094 enim
958 1052 1076 1094 satis
1129 1051 1337 1094 miretur
1389 1064 1670 1110 pessumam
1724 1051 1827 1094 eius

356 1136 550 1190 partem
585 1129 798 1191 ideoque
832 1129 1088 1191 pulverem
1122 1128 1426 1191 appellatam
1459 1131 1510 1173 in
1544 1127 1827 1174 Puteolanis

355 1209 558 1255 collibus
589 1213 771 1271 opponi
801 1212 948 1254 maris
979 1209 1228 1264 fluctibus,
1257 1225 1575 1270 mersumque
1605 1211 1828 1270 protinus

357 1289 460 1334 fieri
505 1289 723 1351 lapidem
769 1307 921 1336 unum
967 1289 1407 1351 inexpugnabilem
1452 1289 1594 1335 undis
1639 1296 1692 1335 et
1734 1288 1828 1334 for-

356 1373 533 1415 tiorem
582 1370 781 1424 cotidie,
831 1373 1005 1432 utique
1052 1373 1090 1415 si
1139 1370 1362 1416 Cumano
1410 1372 1675 1415 misceatur
1720 1384 1828 1414 cae-

248 1457 323 1494 167
357 1451 563 1495 mento?
625 1451 801 1496 eadem
845 1458 921 1496 est
969 1457 1133 1495 terrae
1176 1457 1355 1495 natura
1396 1457 1448 1495 et
1489 1452 1537 1494 in
1585 1449 1829 1512 Cyzicena

356 1533 576 1592 regione,
617 1531 704 1576 sed
744 1532 810 1576 ibi
851 1547 948 1576 non
989 1530 1164 1592 pulvis,
1205 1546 1375 1575 verum
1416 1533 1521 1592 ipsa
1559 1537 1693 1575 terra
1732 1546 1829 1591 qua

358 1610 511 1656 libeat
569 1611 915 1673 magnitudine
973 1613 1137 1656 excisa
1195 1617 1247 1656 et
1304 1611 1531 1656 demersa
1587 1613 1636 1655 in
1693 1626 1828 1655 mare

358 1690 553 1752 lapidea
605 1691 899 1737 extrahitur.
968 1690 1059 1736 hoc
1110 1691 1243 1737 idem
1293 1693 1421 1736 circa
1471 1690 1828 1736 Cassandream

357 1771 575 1833 produnt
623 1772 744 1827 fieri,
789 1779 841 1818 et
882 1775 932 1817 in
975 1771 1115 1818 fonte
1157 1771 1331 1817 Cnidio
1373 1770 1501 1817 dulci
1546 1773 1676 1816 intra
1717 1777 1828 1816 octo

357 1868 552 1897 menses
621 1859 805 1898 terram
873 1852 1193 1914 lapidescere.
1263 1852 1325 1897 ab
1393 1851 1560 1913 Oropo
1627 1850 1828 1913 quidem

357 1932 540 1978 Aulida
579 1949 735 1995 usque
775 1932 1016 1995 quidquid
1057 1935 1323 1995 attingitur
1360 1934 1481 1977 mari
1520 1939 1685 1977 terrae
1723 1948 1828 1977 mu-

358 2019 495 2058 tatur
538 2015 587 2058 in
631 2029 766 2058 saxa.
835 2029 932 2059 non
977 2012 1190 2058 multum
1235 2029 1263 2057 a
1307 2011 1509 2074 pulvere
1555 2009 1828 2057 Puteolano

423 2153 433 2175 ¹
467 2154 683 2204 excogitat
714 2155 801 2192 vita
828 2155 891 2193 B:
927 2155 1192 2205 excogitavit,
1221 2154 1312 2192 vita
1335 2153 1440 2192 Ian:
1473 2152 1734 2204 excogitavit
1761 2165 1829 2190 ars

362 2206 422 2244 cd.
456 2208 553 2246 Par.
577 2210 705 2246 6801:
740 2208 1001 2258 excogitavit
1023 2221 1045 2246 a
1069 2208 1151 2246 rell.

501 2409 516 2433 b
543 2356 743 2448 {J'Zlssi‘lssilc
764 2409 839 2448 ash
860 2423 906 2447 or
925 2409 1060 2454 earth,
1083 2422 1176 2447 now
1197 2408 1330 2447 called
1348 2407 1580 2457 pozzolana.

497 2467 511 2486 ⁶
539 2463 626 2504 The
647 2464 816 2502 ancient
838 2463 1041 2502 Potidaea
1062 2463 1104 2501 in
1126 2462 1197 2501 the
1218 2461 1428 2501 Chalcidic
1449 2459 1683 2514 peninsula.

497 2515 514 2539 ‘¹
544 2517 602 2556 Of
619 2516 810 2555 Boeotia.

355 2592 442 2651 382
