1899 3015
220 439 267 476 14

226 1206 272 1244 15

230 1820 276 1858 16

565 225 807 272 PLINY:
864 221 1191 270 NATURAL
1233 218 1526 266 HISTORY

301 355 477 401 faciem
527 353 663 399 reddi
714 356 762 397 in
810 358 950 397 scuto
998 348 1141 396 eius1
1190 351 1273 410 qui
1318 347 1469 393 fuerit
1516 362 1631 392 usus
1677 344 1772 391 illo.

307 431 457 477 Poeni
504 448 563 475 ex
610 446 728 476 auro
772 428 1065 473 factitavere
1102 433 1155 471 et
1197 425 1395 486 clupeos
1440 430 1493 469 et
1535 425 1775 484 imagines

301 523 570 569 secumque
617 522 814 552 vexere.
884 508 932 549 in
979 502 1189 549 castris²
1236 508 1372 547 certe
1419 502 1576 561 captis
1624 498 1774 545 talem

303 584 626 630 Hasdrubalis
657 585 847 627 invenit
879 580 1114 633 Marcius,
1145 578 1427 640 Scipionum
1458 580 1506 622 in
1538 576 1777 638 Hispania

304 661 449 715 ultor,
494 664 633 723 isque
677 659 880 720 clupeus
924 673 1072 719 supra
1116 656 1244 701 fores
1288 654 1598 716 Capitolinae
1643 652 1777 698 aedis

306 754 459 800 usque
488 737 549 783 ad
576 736 861 782 incendium
888 738 1101 797 primum
1126 732 1236 778 fuit.
1305 734 1546 777 maiorum
1576 729 1776 791 quidem

304 822 582 860 nostrorum
628 820 771 859 tanta
816 814 1053 858 securitas
1098 812 1148 855 in
1193 826 1252 855 ea
1296 825 1348 854 re
1393 807 1678 860 adnotatur,
1723 813 1779 852 ut

306 892 360 937 L.
414 890 604 936 Manlio
652 889 711 947 Q.
775 889 944 935 Fulvio
992 904 1087 933 COS.
1138 903 1267 932 anno
1321 886 1453 931 urbis
1502 899 1654 930 anxv
1707 882 1776 928 M.

305 968 530 1014 Aufidius
599 966 791 1012 tutelae
860 964 1089 1027 Capitolii
1113 964 1132 993 3
1202 963 1490 1024 redemptor
1557 960 1780 1006 docuerit

304 1052 470 1107 patres
510 1050 773 1107 argenteos
812 1059 919 1088 esse
956 1041 1172 1102 clupeos,
1211 1043 1293 1102 qui
1331 1056 1419 1101 pro
1456 1040 1613 1084 aereis
1635 1037 1654 1065 4
1693 1053 1781 1099 per

306 1122 494 1184 aliquot
526 1124 623 1165 iam
657 1120 812 1165 lustra
844 1119 1249 1181 adsignabantur.

368 1198 425 1243 V.
465 1198 543 1243 De
578 1200 801 1259 picturae
836 1199 987 1242 initiis
1022 1198 1211 1240 incerta
1244 1210 1336 1240 nec
1371 1196 1584 1239 instituti
1620 1195 1780 1255 operis

306 1277 532 1338 quaestio
574 1281 664 1319 est.
736 1275 974 1336 Aegyptii
1016 1288 1101 1318 sex
1142 1271 1338 1317 milibus
1379 1287 1619 1316 annorum
1660 1277 1782 1331 aput

308 1355 435 1414 ipsos
481 1355 753 1405 inventam,
799 1353 1086 1412 priusquam
1130 1352 1179 1394 in
1225 1348 1485 1394 Graeciam
1530 1349 1781 1400 transiret,

307 1429 589 1482 adfirmant,
617 1444 742 1473 vana
768 1427 1157 1489 praedicatione,
1184 1432 1240 1471 ut
1266 1424 1429 1486 palam
1456 1431 1560 1478 est3
1605 1423 1779 1470 Graeci

308 1512 478 1551 autem
519 1505 598 1549 alii
640 1504 867 1567 Sicyone,
908 1503 986 1549 alii
1029 1510 1152 1565 aput
1192 1501 1471 1548 Corinthios
1513 1507 1781 1563 repertam,

308 1598 478 1628 omnes
530 1583 705 1627 umbra
754 1580 964 1627 hominis
1016 1580 1155 1625 lineis
1206 1578 1559 1632 circumducta,
1611 1581 1782 1640 itaque

309 1662 517 1722 primam
584 1658 754 1713 talem,
820 1658 1088 1704 secundam
1155 1655 1357 1719 singulis
1423 1655 1664 1701 coloribus
1731 1661 1783 1700 et

309 1735 791 1781 monochromaton5
838 1735 1040 1789 dictam,
1089 1741 1353 1796 postquam
1409 1731 1659 1794 operosior
1713 1735 1781 1777 in-

308 1819 459 1858 venta
503 1820 627 1867 erat,
671 1812 919 1874 duratque
962 1811 1074 1857 talis
1118 1814 1271 1856 etiam
1315 1826 1458 1856 nunc.
1528 1812 1781 1855 inventam

310 1889 533 1935 liniarem
559 1906 587 1934 a
613 1888 828 1935 Philocle
860 1889 1115 1952 Aegyptio
1145 1887 1222 1933 vel
1253 1886 1497 1934 Cleanthe
1528 1885 1782 1932 Corinthio

378 2007 390 2028 ¹
420 2007 509 2045 eius
528 2007 731 2057 Detlessen
750 2023 756 2043 :
797 2006 969 2056 eiusque
989 2006 1043 2044 Β2
1063 2022 1070 2044 ;
1110 2006 1324 2055 cuiusque.

377 2060 391 2082 ²
421 2073 585 2098 vexere.
622 2060 664 2098 in
699 2060 847 2099 castris
882 2059 1098 2110 Mayhoff:
1152 2059 1194 2097 in
1230 2058 1376 2097 castris
1412 2070 1563 2096 vexere
1597 2057 1659 2095 B:
1715 2057 1779 2096 i.c.

324 2113 454 2152 tulere
477 2113 536 2152 cd.
562 2114 659 2152 Par.
687 2114 815 2154 6801:
853 2113 917 2152 i.c.
945 2126 1095 2151 venere
1119 2112 1201 2151 rell.

371 2169 386 2191 ³
417 2167 628 2217 Capitolio
651 2167 714 2206 B:
757 2166 931 2217 capitoli
954 2166 1012 2205 cd.
1040 2165 1151 2204 Laid.
1186 2166 1297 2205 Voss.

376 2220 388 2242 ⁴
417 2220 547 2259 aurei.
575 2219 792 2270 Detlefsen.

379 2274 392 2294 ³
421 2287 442 2311 e
470 2273 822 2312 monochromato
849 2272 912 2312 B:
959 2277 1002 2311 et
1029 2272 1412 2311 monochromaton
1438 2271 1520 2310 rell.

365 2387 381 2403 ⁰
415 2381 587 2419 Publius
603 2381 686 2419 and
703 2381 871 2419 Gnaeus
893 2380 1032 2431 Scipio
1052 2393 1158 2418 were
1179 2379 1405 2430 destroyed
1427 2380 1466 2417 in
1485 2379 1614 2429 Spain
1633 2378 1689 2430 by
1708 2378 1780 2417 the

313 2435 649 2485 Carthaginiaus,
692 2436 872 2473 212-211
920 2446 997 2473 BA).
1061 2435 1104 2471 L.
1147 2434 1326 2472 Marcius
1366 2432 1450 2471 and
1489 2433 1536 2470 T.
1577 2433 1780 2471 Fonteius

314 2487 543 2538 prevented
567 2487 730 2526 further
753 2488 965 2526 disasters.

371 2541 385 2564 ²²
416 2542 451 2579 A
475 2541 734 2591 conjectural
757 2541 984 2580 alteration
1006 2541 1123 2597 gives
1147 2541 1156 2555 ‘
1174 2539 1301 2591 gold.'

314 2629 399 2683 270
