1873 3020
219 826 265 863 18

219 1466 265 1505 19

549 209 784 255 PLINY:
838 208 1166 255 NATURAL
1211 206 1506 254 HISTORY

295 338 585 392 ambitione,
613 344 665 382 et
692 340 740 382 in
769 340 988 381 omnium
1016 338 1393 396 municipiorum
1419 334 1536 380 foris
1561 339 1760 379 statuae

296 424 644 464 ornamentum
686 433 791 462 esse
832 432 1041 477 coepere
1081 415 1486 477 propagariquel
1524 416 1762 459 memoria

297 498 549 544 hominum
587 504 639 543 et
674 497 884 542 honores
920 496 1118 557 legendi
1156 512 1278 541 aevo
1313 495 1513 540 basibus
1549 493 1761 547 inscribi,

297 595 357 624 ne
383 582 433 624 in
457 577 692 640 sepulcris
716 584 916 622 tantum
943 576 1244 637 legerentur.
1311 591 1426 620 mox
1451 573 1612 619 forum
1637 581 1690 619 et
1712 576 1761 618 in

295 658 521 704 domibus
574 661 776 719 privatis
829 656 1017 702 factum
1071 663 1224 717 atque
1277 659 1325 700 in
1378 657 1544 702 atriis:
1608 653 1761 699 honos

296 739 550 784 clientium
572 741 789 783 instituit
810 740 877 783 sic
898 736 1058 782 colere
1079 743 1330 797 patronos.

358 818 419 864 X.
457 818 682 879 Togatae
752 818 938 879 effigies
1001 819 1276 877 antiquitus
1325 818 1398 860 ita
1452 814 1761 860 dicabantur.

298 898 527 960 placuere
556 905 608 943 et
635 897 799 943 nudae
827 904 1060 943 tenentes
1087 896 1285 941 hastam
1314 896 1376 940 ab
1404 894 1708 956 epheborum
1736 909 1761 938 e

295 982 564 1041 gymnasiis
621 978 1016 1038 exemplaribus3
1088 993 1210 1038 quas
1265 975 1514 1021 Achilleas
1568 980 1761 1020 vocant.

298 1058 489 1103 Graeca
510 1075 585 1103 res
608 1058 727 1103 nihil
750 1058 932 1112 velare,
952 1064 1005 1103 at
1026 1064 1197 1103 contra
1219 1056 1442 1101 Romana
1464 1071 1519 1101 ac
1539 1055 1763 1101 militaris

296 1138 522 1184 thoraces
553 1138 752 1184 addere.
821 1137 1005 1183 Caesar
1034 1137 1234 1199 quidem
1265 1136 1480 1182 dictator
1508 1135 1761 1181 loricatam

297 1219 387 1264 sibi
413 1218 563 1264 dicari
590 1222 638 1263 in
668 1218 773 1264 foro
803 1235 891 1263 suo
921 1234 1095 1279 passus
1127 1224 1218 1264 est.
1287 1233 1402 1261 nam
1429 1215 1762 1277 Lupercorum

296 1298 471 1344 habitu
498 1305 604 1344 tam
632 1302 851 1344 noviciae
879 1305 995 1344 sunt
1021 1314 1172 1360 quam
1199 1313 1327 1359 quae
1356 1313 1514 1358 nuper
1538 1295 1764 1358 prodiere

296 1378 519 1440 paenulis
553 1378 774 1425 indutae.
845 1378 1107 1424 Mancinus
1143 1394 1200 1423 eo
1233 1376 1408 1422 habitu
1442 1377 1533 1422 sibi
1565 1378 1760 1430 statuit,

298 1475 394 1520 quo
452 1458 651 1504 deditus
709 1459 891 1504 fuerat.
960 1465 1191 1504 notatum
1251 1458 1313 1502 ab
1372 1457 1654 1502 auctoribus
1713 1462 1765 1501 et

299 1538 354 1584 L.
396 1539 600 1584 Accium
649 1547 852 1600 poetam
899 1542 948 1584 in
996 1538 1329 1584 Camenarum
1377 1537 1502 1583 aede
1549 1539 1765 1582 maxima

297 1618 454 1664 forma
490 1626 711 1665 statuam
749 1620 840 1665 sibi
877 1622 1116 1681 posuisse,
1152 1635 1263 1663 cum
1300 1618 1461 1663 brevis
1497 1616 1765 1663 admodum

296 1697 487 1745 fuisset.
555 1707 811 1761 equestres
855 1703 1029 1761 utique
1073 1705 1275 1744 statuae
1320 1698 1597 1743 Romanam
1639 1696 1766 1743 cele—

296 1778 576 1825 brationem
595 1779 803 1835 habent,
823 1787 931 1825 orto
952 1782 1056 1825 sine
1077 1778 1227 1824 dubio
1247 1795 1275 1823 a
1297 1778 1499 1824 Graecis
1521 1776 1763 1839 exemplo.

297 1858 386 1904 sed
423 1858 489 1904 illi
527 1859 713 1906 celetas
750 1867 950 1906 tantum
989 1859 1225 1905 dicabant
1265 1861 1318 1904 in
1356 1861 1503 1904 sacris
1540 1860 1765 1910 victores

580 2000 594 2022 ¹
623 1999 933 2051 propagarique
960 1999 1022 2038 B:
1068 1998 1369 2050 prorogarique
1395 1997 1478 2036 rell.

350 2151 367 2168 ‘¹
398 2146 554 2185 Forum
588 2145 783 2185 Caesaris
816 2160 863 2184 or
895 2147 1051 2185 Forum
1084 2146 1245 2184 Iulium
1278 2158 1362 2183 was
1396 2144 1506 2183 built
1539 2144 1594 2196 by
1627 2144 1766 2184 Julius

297 2200 450 2238 Caesar
479 2200 518 2237 in
551 2199 623 2238 the
652 2199 798 2249 eighth
827 2201 971 2250 region
1001 2200 1048 2238 of
1074 2199 1145 2237 the
1176 2199 1277 2248 city,
1309 2212 1409 2237 near
1437 2198 1509 2236 the
1539 2198 1696 2249 temple
1723 2198 1770 2236 of

295 2254 430 2291 Janus
452 2253 536 2290 and
559 2253 630 2291 the
652 2253 722 2291 old
744 2253 896 2298 forum,
921 2253 1055 2291 which
1077 2252 1161 2291 had
1185 2252 1356 2290 become
1377 2257 1450 2290 too
1472 2252 1609 2290 small.

355 2306 368 2329 ὓ
399 2306 631 2349 Mancinus,
656 2307 800 2345 consul
827 2308 900 2345 137
925 2318 1021 2352 B.(.·.‚
1045 2307 1087 2344 in
1110 2320 1134 2344 a
1157 2319 1242 2343 war
1263 2305 1364 2344 with
1389 2305 1461 2343 the
1482 2305 1766 2344 Numantines

297 2359 420 2397 made
442 2373 466 2397 a
490 2365 631 2410 treaty
655 2360 787 2398 which
813 2360 884 2398 the
906 2366 1051 2398 senate
1074 2358 1239 2398 refused
1263 2364 1310 2397 to
1332 2359 1478 2409 ratify,
1502 2358 1587 2397 and
1610 2358 1660 2397 he
1682 2371 1765 2396 was

297 2412 461 2451 handed
499 2426 599 2451 over
630 2418 675 2451 to
706 2413 778 2451 the
812 2426 963 2464 enemy
999 2412 1161 2462 though
1197 2411 1298 2463 they
1328 2412 1494 2451 refused
1527 2417 1573 2450 to
1606 2412 1765 2450 receive

297 2466 397 2504 him.
459 2467 522 2504 He
546 2479 679 2505 seems
702 2472 748 2505 to
771 2466 879 2505 have
903 2466 1103 2517 regarded
1129 2465 1213 2504 this
1237 2479 1282 2504 as
1305 2465 1603 2505 discreditable
1625 2469 1672 2504 to
1694 2464 1766 2504 the

296 2524 440 2558 senate
464 2520 541 2558 but
563 2526 637 2559 not
659 2525 705 2559 to
726 2520 906 2559 himself.

306 2620 389 2662 140
