1873 3020
543 194 776 245 PLINY:
832 199 1158 246 NATURAL
1205 200 1497 247 HISTORY

182 335 256 374 150
293 329 420 374 urbis
448 344 598 373 Dcvm
627 336 766 389 parta
789 331 929 391 signa
949 336 1001 375 et
1021 328 1216 374 tabulas
1238 332 1393 390 pictas
1419 331 1622 375 invexit.
1691 344 1754 374 ne

291 405 408 466 quid
445 404 661 458 deesset,
699 407 885 465 pariter
921 404 1158 466 quoquel
1203 404 1393 451 luxuria
1431 412 1551 451 nata
1588 412 1665 451 est
1702 412 1754 450 et

291 481 516 543 Cathago
572 481 784 535 sublata,
833 484 903 526 ita
959 483 1347 544 congruentibus
1405 480 1536 536 fatis,
1591 488 1648 527 ut
1703 488 1756 527 et

291 558 468 604 liberet
504 558 737 618 amplecti
774 561 893 603 vitia
929 566 980 603 et
1015 558 1201 604 liceret.
1270 561 1462 620 petiere
1499 565 1551 605 et
1585 557 1756 621 digna-

290 638 478 681 tionem
511 633 622 679 hinc
655 634 804 696 aliqui
837 642 1079 680 veterum.
1149 634 1201 680 C.
1240 634 1429 682 Marius
1461 641 1574 697 post
1606 637 1757 681 victo-

290 715 413 757 riam
446 711 742 757 Cimbricam
774 710 1022 757 cantharis
1054 719 1254 773 potasse
1288 711 1455 758 Liberi
1486 714 1641 773 patris
1674 727 1758 756 ex-

292 788 455 849 emplo
495 788 726 841 traditur,
767 787 846 833 ille
888 795 1053 834 arator
1093 789 1306 850 Arpinas
1347 796 1400 835 et
1439 787 1757 849 manipularis

290 868 572 926 imperator.

183 949 251 988 151
354 941 480 987 LIV.
519 943 730 1003 Argenti
751 958 893 987 usum
912 945 961 986 in
981 949 1172 987 statuas
1191 945 1405 1003 primum
1424 941 1522 988 divi
1542 942 1756 1004 Augusti

290 1027 572 1080 temporum
625 1018 911 1064 adulatione
963 1021 1197 1064 transisse
1251 1017 1373 1064 falso
1427 1021 1756 1064 existimatur.

292 1099 389 1141 iam
419 1099 550 1141 enim
579 1094 831 1156 triumpho
862 1095 1036 1157 Magni
1067 1093 1270 1156 Pompei
1301 1098 1573 1157 reperimus
1602 1102 1758 1140 trans-

293 1173 447 1219 latam
500 1170 781 1226 Pharnacis,
834 1175 914 1234 qui
968 1175 1153 1234 primus
1204 1175 1432 1234 regnavit
1482 1175 1532 1217 in
1584 1169 1759 1226 Ponto,

293 1258 585 1311 argenteam
622 1256 859 1304 statuam,
896 1252 1019 1295 item
1059 1248 1368 1295 Mithridatis
1404 1249 1670 1310 Eupatoris
1708 1254 1760 1294 et

187 1334 257 1373 152
292 1344 458 1372 currus
522 1342 696 1371 aureos
760 1333 1141 1388 argenteosque.
1212 1333 1477 1388 argentum
1540 1324 1760 1370 succedit

294 1403 559 1465 aliquando
592 1410 644 1449 et
676 1420 794 1448 auro
826 1403 946 1448 luxu
978 1402 1274 1448 feminarum
1305 1402 1463 1464 plebis
1495 1401 1760 1463 compedes

293 1482 382 1526 sibi
405 1479 711 1534 facientium,
733 1496 854 1541 quas
875 1479 1080 1525 induere
1103 1496 1276 1525 aureas
1297 1496 1401 1525 mos
1422 1481 1584 1524 tritior
1603 1484 1757 1524 vetet.

295 1558 503 1602 vidimus
547 1564 597 1602 et
639 1559 728 1618 ipsi
772 1556 1013 1602 Arellium
1056 1556 1267 1602 Fuscum
1308 1563 1500 1602 motum
1543 1557 1761 1617 equestri

294 1634 465 1680 ordine
501 1634 564 1679 ob
599 1636 843 1695 insignem
879 1633 1193 1687 calumniam,
1229 1650 1340 1678 cum
1376 1629 1762 1678 celebritatem2

297 1701 702 1751 adsectarentur3
721 1700 1117 1746 adulescentium
1137 1696 1349 1751 scholae,
1369 1702 1633 1758 argenteos
1652 1711 1770 1740 anu-

293 1781 363 1827 los
397 1780 687 1826 habentem.
758 1785 810 1823 et
845 1776 965 1838 quid
998 1774 1121 1820 haec
1157 1777 1342 1819 attinet
1375 1772 1624 1835 colligere,
1658 1788 1770 1816 cum

294 1858 455 1920 capuli
478 1856 692 1902 militum
716 1856 864 1900 ebore
890 1856 1043 1898 etiam
1066 1850 1290 1897 fastidito
1313 1848 1569 1895 caelentur
1593 1864 1767 1910 argen-

295 1943 365 1990 to,
389 1938 598 1997 vaginae
622 1932 829 1986 catellis,
853 1930 1021 1976 baltea
1044 1928 1219 1974 lamnis
1244 1930 1509 1988 crepitent,
1533 1929 1631 1971 iam
1656 1941 1769 1970 vero

350 2074 363 2096 ¹
397 2084 565 2122 quoque
587 2069 797 2120 Mayleoff:
837 2081 931 2119 que.

350 2128 364 2149 2
396 2126 686 2164 celebritatem
707 2124 764 2162 B:
803 2122 1050 2161 celebritate
1071 2120 1154 2158 rell.

352 2182 367 2203 ³
398 2179 727 2217 adsectarentur
754 2175 863 2214 cdd.:
910 2177 1245 2226 expectarentur
1275 2170 1362 2210 edd.
1394 2174 1503 2209 vett.:
1549 2169 1772 2208 assectati-

299 2246 423 2271 onem
447 2230 694 2270 Hermolaus
715 2228 947 2268 Barbarus:
983 2227 1281 2266 adsectaretur
1300 2224 1406 2264 coni.
1436 2222 1733 2272 Warminqton.

353 2403 370 2420 ‘²
401 2396 466 2434 He
489 2396 661 2433 became
681 2392 780 2443 king
801 2405 833 2430 c.
861 2393 935 2430 190
959 2403 1039 2429 Bc.

355 2451 370 2474 ὸ
399 2448 668 2488 Mithridates
682 2446 755 2493 VI,
770 2446 884 2496 King
898 2444 945 2483 of
954 2445 1129 2490 Pontus,
1144 2442 1292 2494 finally
1307 2441 1473 2493 quelled
1488 2441 1530 2480 in
1543 2439 1771 2493 Pompcy’s

299 2503 558 2554 campaigns.

306 2606 386 2637 112
