1873 3020
583 191 819 239 PLINY:
874 193 1203 239 NATURAL
1250 193 1543 240 HISTORY

336 325 585 385 nigrescit,
606 326 850 368 sincerum
871 325 1058 368 retinet
1078 321 1306 368 colorem.
1375 325 1571 368 invenio
1593 329 1645 368 et
1664 322 1798 369 calce

333 399 620 453 adulterari,
647 416 703 445 ac
730 399 875 444 simili
902 402 1094 444 ratione
1121 398 1237 444 ferri
1264 399 1524 445 candentis
1549 399 1734 454 lamna,
1759 402 1798 446 si

230 482 301 519 122
336 493 430 521 non
459 480 523 521 sit
551 493 742 530 aurum,
771 475 1093 537 deprehendi.
1162 475 1302 521 inlito
1330 475 1442 522 solis
1471 483 1624 538 atque
1652 476 1798 522 lunae

227 1403 300 1441 123

332 560 590 598 contactus
635 556 874 598 inimicus.
942 552 1235 607 remedium,
1280 559 1337 598 ut
1380 556 1573 614 pariete
1617 556 1800 599 siccato

333 646 445 675 cera
480 629 665 675 Punica
699 647 810 675 cum
846 629 954 675 oleo
989 628 1261 691 liquefacta
1293 629 1510 675 candens
1545 633 1695 675 saetis
1729 632 1800 675 in-

333 707 545 752 ducatur
572 710 855 768 iterumque
884 706 1096 752 admotis
1125 705 1289 768 gallae
1316 706 1611 752 carbonibus
1639 709 1800 752 inura-

334 790 415 829 tur
444 784 507 829 ad
537 784 767 829 sudorem
798 799 972 846 usque,
1002 790 1179 845 postea
1207 783 1425 829 candelis
1455 783 1715 846 subigatur
1743 800 1800 829 ac

334 860 515 906 deinde
541 860 704 906 linteis
729 864 880 922 puris,
905 863 1032 906 sicut
1057 867 1109 906 et
1132 876 1379 905 marmora
1403 863 1669 906 nitescunt.
1716 863 1798 922 qui

335 940 541 982 minium
573 940 623 982 in
654 938 854 983 officinis
887 937 1097 998 poliunt,
1128 936 1307 982 faciem
1336 936 1461 982 laxis
1493 940 1663 983 vesicis
1694 936 1801 982 inli-

332 1021 473 1075 gant,
500 1030 561 1060 ne
587 1017 636 1059 in
661 1014 949 1075 respirando
974 1013 1292 1075 pernicialem
1317 1013 1572 1075 pulverem
1596 1013 1801 1060 trahant

335 1098 387 1136 et
427 1098 599 1136 tamen
641 1090 826 1152 super1
868 1090 974 1136 illas
1016 1097 1261 1152 spectent.
1329 1093 1536 1136 minium
1577 1094 1627 1136 in
1668 1090 1800 1136 volu-

332 1170 520 1213 minum
579 1184 777 1230 quoque
833 1171 1076 1229 scriptura
1142 1174 1409 1229 usurpatur
1471 1167 1800 1230 clarioresque

334 1244 527 1290 litteras
550 1244 628 1291 vel
652 1248 701 1290 in
725 1262 866 1291 muro
886 1244 904 1273 2
928 1244 1006 1290 vel
1029 1247 1079 1290 in
1102 1261 1365 1300 marmore,
1389 1247 1543 1290 etiam
1566 1247 1617 1290 in
1639 1243 1801 1306 sepul-

331 1320 476 1377 chris,
514 1321 650 1368 facit.

396 1398 530 1444 XLI.
569 1399 645 1444 Ex
678 1398 971 1446 secundario
1003 1401 1193 1445 invenit
1217 1401 1320 1444 vita
1353 1405 1406 1445 et
1437 1397 1799 1462 hydrargyrum

334 1478 383 1520 in
406 1478 563 1521 vicem
587 1480 783 1539 argenti
806 1479 918 1531 vivi,
942 1476 1091 1538 paulo
1114 1483 1232 1522 ante
1256 1475 1483 1522 dilatum.
1551 1475 1608 1521 fit
1630 1482 1800 1521 autem

335 1552 527 1598 duobus
544 1553 701 1599 modis
720 1570 730 1598 ε
770 1556 927 1599 aereis
944 1556 1189 1599 mortariis
1205 1553 1500 1615 pistillisque
1515 1556 1635 1598 trito
1650 1555 1801 1598 minio

330 1645 392 1674 ex
420 1637 564 1676 aceto
592 1637 680 1676 aut
709 1633 891 1691 patinis
922 1630 1151 1676 fictilibus
1181 1633 1467 1692 impositum
1495 1628 1658 1676 ferrea
1688 1646 1801 1676 con·

332 1705 442 1761 cha,
476 1707 629 1753 calice
664 1714 972 1769 coopertum,
1008 1707 1179 1770 argilla
1215 1706 1524 1769 superinlita,
1559 1706 1674 1752 dein
1709 1706 1800 1752 sub

336 1787 518 1844 patinis
566 1785 809 1830 accenso3
851 1783 1047 1830 follibus
1089 1787 1333 1830 continuis
1380 1787 1481 1846 igni
1529 1790 1683 1846 atque
1728 1787 1800 1829 ita

333 1860 471 1906 calici
492 1860 510 1888 ‘¹
533 1861 712 1907 sudore
735 1861 952 1916 deterso,
977 1864 1059 1923 qui
1084 1861 1139 1907 fit
1163 1864 1357 1924 argenti
1381 1860 1541 1906 colore
1567 1867 1618 1906 et
1640 1876 1800 1922 aquae

336 1935 539 1998 liquore.
608 1937 741 1983 idem
772 1941 930 2000 guttis
962 1938 1113 1984 dividi
1144 1938 1298 1984 facilis
1331 1944 1384 1984 et
1413 1937 1599 1983 lubrico
1631 1953 1800 1983 umore

468 2066 479 2089 ¹
510 2079 635 2117 super
664 2066 858 2117 Mayhoff
879 2067 965 2106 coll.
995 2067 1132 2105 Diosc.
1163 2066 1213 2105 V.
1245 2067 1348 2105 109:
1393 2070 1443 2104 ut,
1468 2078 1542 2117 per
1567 2065 1654 2105 cdd.

464 2120 478 2142 ²
508 2132 629 2158 muro
652 2120 886 2171 Detlefsen:
927 2133 1022 2159 aere
1045 2120 1215 2158 Hubner
1234 2135 1242 2159 ε
1283 2132 1388 2158 auro
1411 2118 1497 2158 cdd.

462 2174 478 2249 Ξ
507 2173 879 2266 ῗςοίθῐέἰῗίἑζίἄανη
901 2187 970 2223 ap.
996 2174 1250 2223 Dalecamp:
1293 2185 1533 2212 accensum.

380 2359 397 2377 ‘²
426 2353 526 2392 This
557 2367 691 2393 seems
722 2359 768 2393 to
801 2354 851 2393 be
882 2354 955 2394 the
988 2355 1185 2405 meaning
1216 2354 1336 2401 here;
1384 2353 1626 2394 secundario
1657 2354 1796 2393 would

324 2413 400 2446 not,
432 2408 537 2446 refer
567 2413 614 2446 to
646 2408 718 2446 the
751 2409 929 2447 minium
962 2409 1010 2446 of
1038 2408 1110 2446 the
1141 2408 1296 2447 second
1329 2408 1498 2459 quality
1530 2410 1614 2458 (see
1645 2408 1795 2453 above,

325 2462 457 2510 §HL
495 2466 617 2507 note;
672 2463 825 2511 §119)‚
854 2462 919 2500 for
950 2462 1260 2513 hydrargyrum
1297 2475 1382 2500 was
1419 2461 1543 2501 made
1579 2462 1688 2500 from
1725 2461 1797 2500 the

323 2514 516 2566 sulphide
538 2516 585 2554 of
603 2528 795 2567 mcrcury
817 2515 899 2564 of§
922 2517 1009 2554 lll.

333 2605 388 2650 92
