1899 3015
219 548 292 587 153

218 1147 293 1187 154

220 1613 292 1653 155

572 214 813 261 PLINY:
872 216 1200 262 NATURAL
1245 216 1537 263 HISTORY

325 342 600 403 Telephum
637 359 834 389 sanasse
861 343 1094 398 Achilles,
1121 347 1221 389 sive
1256 344 1305 389 id
1331 359 1477 389 aerea
1502 346 1603 390 sive
1631 343 1789 390 ferrea

328 409 530 470 cuspide
573 409 719 463 fecit3
775 413 846 455 ita
887 417 1023 456 certe
1066 413 1286 472 pingitur
1328 427 1387 456 ex
1433 427 1492 456 ea
1533 411 1789 456 decutiens

325 476 489 537 gladio
541 476 666 522 suo.1
748 478 917 539 robigo
970 477 1082 521 ferri
1136 477 1391 523 deraditur
1444 477 1610 523 umido
1661 476 1790 523 ferro

325 543 470 587 clavis
490 544 754 588 veteribus.
825 547 1050 604 potentia
1070 546 1173 589 eius
1193 543 1362 606 ligare,
1381 547 1579 598 siccare,
1598 547 1787 589 sistere.

328 609 564 655 emendat
600 609 841 671 alopecias
879 610 1033 655 inlita.
1103 617 1313 655 utuntur
1349 617 1400 656 et
1437 610 1499 656 ad
1535 611 1788 656 scabritias

325 692 565 738 genarum
612 676 912 738 pusulasque
959 679 1112 722 totius
1160 679 1372 738 corporis
1419 693 1532 722 cum
1578 693 1691 722 cera
1738 683 1790 723 et

326 749 520 804 myrteo
556 742 681 797 oleo,
717 743 780 788 ad
829 746 967 805 ignes
1002 759 1118 789 vero
1167 759 1326 789 sacros
1363 759 1423 789 ex
1474 750 1632 798 aceto,
1667 746 1788 789 item

329 809 391 854 ad
436 810 668 863 scabiem,
713 809 1013 872 paronychia
1057 810 1325 872 digitorum
1371 817 1423 855 et
1468 812 1697 872 pterygia
1740 813 1789 854 in

328 875 554 921 linteolis.
624 879 753 922 sistit
814 883 866 922 et
926 875 1220 922 feminarum
1282 876 1518 938 profluvia
1579 879 1789 938 inposita

325 945 373 988 in
398 943 592 999 vellere,
614 943 742 989 utilis
759 942 777 971 2
802 943 958 1005 plagis
980 960 1177 1005 quoque
1198 944 1478 989 recentibus
1499 946 1609 989 vino
1629 942 1786 989 diluta

327 1016 378 1054 et
398 1026 509 1054 cum
528 1026 693 1054 murra
713 1010 935 1064 subacta,
954 1010 1311 1072 condylomatis
1334 1025 1394 1055 ex
1415 1017 1571 1056 aceto.
1639 1010 1788 1071 poda-

328 1092 440 1137 gras
466 1092 664 1138 quoque
690 1077 830 1121 inlita
854 1077 990 1122 lenit.

390 1142 566 1188 XLVI.
604 1142 820 1205 Squama
843 1159 1039 1205 quoque
1064 1142 1179 1188 ferri
1202 1146 1251 1187 in
1274 1159 1364 1188 usu
1388 1149 1465 1188 est
1488 1159 1548 1188 ex
1573 1146 1676 1188 acie
1699 1149 1786 1188 aut

326 1210 656 1264 mucronibus,
704 1213 920 1255 maxime
969 1210 1128 1263 simili,
1177 1210 1264 1255 sed
1312 1212 1496 1255 acriore
1546 1212 1589 1254 vi
1639 1226 1788 1271 quam

327 1276 513 1338 robigo,
546 1293 696 1338 quam
727 1277 790 1322 ob
822 1293 925 1321 rem
959 1284 1011 1322 et
1042 1283 1213 1322 contra
1246 1276 1505 1338 epiphoras
1537 1275 1787 1322 oculorum

326 1343 616 1388 adsumitur.
685 1346 976 1406 sanguinem
1035 1346 1180 1397 sistit,
1237 1360 1349 1388 cum
1407 1343 1606 1388 volnera
1662 1342 1790 1388 ferro

324 1412 540 1455 maxime
583 1409 731 1455 fiant!
801 1413 929 1456 sistit
973 1417 1024 1455 et
1063 1409 1358 1455 feminarum
1402 1409 1651 1471 profluvia.
1720 1412 1789 1454 in·

326 1479 527 1537 ponitur
575 1483 627 1522 et
673 1483 845 1522 contra
892 1477 1093 1522 lienium
1144 1479 1277 1529 vitia,
1327 1483 1377 1522 et
1425 1475 1789 1522 haemorroidas

327 1546 595 1604 compescit
630 1543 953 1605 ulcerumque
990 1546 1254 1604 serpentia.
1325 1550 1377 1588 et
1412 1545 1550 1605 genis
1587 1542 1788 1604 prodest

326 1608 512 1655 farinae
541 1610 687 1656 modo
717 1610 948 1671 adspeisa
978 1610 1257 1671 paullisper.
1326 1613 1591 1671 praecipua
1619 1616 1788 1654 tamen

325 1676 689 1722 commendatio
737 1680 839 1722 eius
886 1680 934 1721 in
981 1676 1376 1739 hygremplastro
1423 1676 1485 1722 ad
1531 1676 1789 1738 purganda

326 1743 527 1788 v·ulne1a
558 1743 845 1806 fistulasque
878 1751 929 1789 et
960 1760 1157 1789 omnem
1188 1743 1367 1788 callum
1399 1742 1704 1788 erodendum
1736 1750 1786 1787 et

326 1813 443 1854 rasis
497 1810 684 1855 ossibus
736 1826 906 1855 carnes
960 1810 1266 1855 recreandas.
1335 1812 1645 1871 componitur
1696 1808 1786 1854 hoc

325 1877 498 1922 modo:
541 1876 754 1938 propolis
774 1876 793 1905 3
818 1876 947 1922 oboli
975 1892 1041 1931 VI,
1068 1876 1303 1923 Cimoliae
1329 1883 1496 1922 cretae
1522 1875 1786 1922 drachmae

325 1959 391 1997 w,
426 1946 550 1988 aeris
584 1946 682 1989 tusi
715 1943 979 1989 drachmae
1014 1959 1068 1997 11,
1102 1959 1339 2006 squamae
1372 1942 1487 1988 ferri
1507 1942 1527 1971 ‘²
1559 1942 1788 1996 totidem,

392 2089 509 2128 ¹suo
537 2091 591 2128 K.
621 2090 666 2128 C.
696 2090 863 2140 Bailey:
908 2090 993 2129 sed.

387 2143 401 2165 2
430 2143 471 2181 in
500 2143 664 2188 vellere,
693 2144 809 2181 utilis
834 2145 939 2183 coni.
970 2143 1184 2193 Maqhoff.
1217 2143 1456 2182 velleribus.

386 2196 614 2247 ³propolis
645 2197 876 2247 Mazshoff(
865 2197 965 2244 (coll.
1000 2197 1147 2236 XXII.
1182 2199 1272 2241 107,
1300 2196 1497 2241 Scribon„
1528 2198 1622 2245 209)
1653 2196 1722 2246 qui
1753 2202 1788 2235 et

329 2249 497 2299 galbani
538 2251 594 2288 vel
629 2251 801 2300 panacis
834 2252 939 2290 coni.
956 2250 1094 2301 ·pal
1128 2250 1191 2289 B:
1238 2250 1328 2301 pari
1363 2250 1476 2289 rell.:
1521 2250 1642 2301 panis
1676 2249 1785 2289 Ian:

329 2302 526 2341 aluminis
546 2317 650 2342 conl.
673 2304 820 2354 Szlliq:
859 2304 964 2355 picis
983 2303 1217 2343 Hardouin.

383 2358 399 2381 ⁴²
441 2358 468 2396 V
474 2357 512 2395 λ.
535 2358 704 2396 ferreae.

784 2550 802 2569 ‘²
829 2546 891 2586 Cf.
917 2546 1101 2592 XXXV,
1129 2547 1202 2584 195
1224 2546 1266 2583 ff.

324 2624 409 2682 238
