1873 3020
532 203 738 252 PLINY
756 223 767 252 z
821 205 1148 252 NATURAL
1195 204 1489 252 HISTORY

278 339 482 397 aurique
530 339 929 395 experimentum
976 338 1102 396 ignis
1150 341 1244 389 est,
1290 341 1347 379 ut
1391 333 1535 379 simili
1582 333 1744 380 colore

278 403 457 447 rubeat
507 406 830 463 ignescatque
882 408 935 447 et
983 404 1173 462 ipsum;
1241 401 1497 446 obrussam
1548 407 1743 446 vocant.

198 477 249 515 60
280 473 490 530 primum
523 475 694 513 autem
724 469 963 514 bonitatis
994 475 1347 528 argumentum
1379 483 1530 529 quam
1561 466 1746 513 difficil-

199 875 246 915 61

203 1276 252 1313 62

280 536 394 581 lime
427 535 644 580 accendi.
713 541 977 596 praeterea
1008 538 1205 589 mirum,
1237 550 1427 596 prunae
1448 533 1467 562 1
1498 533 1747 580 violentis-

279 606 387 648 simi
411 602 528 663 ligni
552 602 849 647 indomitum
871 601 1017 662 palea
1039 604 1274 647 citissime
1296 601 1554 646 ardescere
1577 607 1748 662 atque,

280 676 337 715 ut
363 675 621 731 purgetur,
646 685 758 714 cum
784 667 989 729 plumbo
1013 671 1173 730 coqui.

343 735 519 781 Altera
557 751 707 781 causa
746 738 894 796 pretii
940 738 1113 789 maior,
1154 733 1286 796 quod
1327 736 1587 780 minimum
1633 749 1748 778 usus

280 802 484 857 deterit,
520 818 633 848 cum
668 808 896 864 argento,
932 817 1065 856 aere,
1101 800 1305 863 plumbo
1340 800 1503 846 lineae
1538 800 1751 862 praedu-

281 876 458 915 cantur
490 884 766 930 manusque
799 867 1089 914 sordescant
1121 867 1333 914 decidua
1365 870 1592 913 materia.
1659 882 1751 912 nec

281 935 415 981 aliud
432 935 590 981 laxius
610 935 851 981 dilatatur
868 941 957 980 aut
975 938 1282 980 numerosius
1301 934 1554 989 dividitur,
1573 940 1750 995 utpote

282 1006 419 1048 cuius
448 1005 622 1048 unciae
651 1005 701 1047 in
729 1005 1051 1064 septingenas
1080 1005 1458 1063 quinquagenas
1485 1000 1752 1062 pluresque

282 1070 509 1115 bratteas
546 1076 846 1131 quaternum
881 1076 1095 1130 utroque
1129 1068 1400 1130 digitorum
1434 1074 1750 1130 spargantur.

282 1139 612 1182 crassissimae
639 1152 701 1181 ex
726 1138 783 1181 iis
811 1134 1168 1181 Praenestinae
1194 1141 1451 1189 vocantur,
1477 1137 1751 1180 etiamnum

282 1206 557 1248 retinentes
579 1202 598 1231 2
625 1218 807 1248 nomen
837 1202 1088 1247 Fortunae
1114 1205 1344 1247 inaurato
1373 1200 1656 1246 fidelissime
1684 1200 1750 1245 ibi

286 1269 561 1315 simulacro.
630 1272 855 1330 proxima
892 1269 1095 1314 brattea
1132 1271 1417 1330 quaestoria
1455 1267 1751 1329 appellatur.

286 1337 527 1397 Hispania
541 1335 756 1398 strigiles
775 1335 794 1364 3
812 1342 956 1381 vocat
973 1338 1077 1380 auri
1094 1335 1320 1396 parvolas
1336 1350 1539 1380 massas.
1605 1350 1755 1395 super

285 1407 450 1449 omnia
487 1402 646 1448 solum
684 1405 734 1448 in
772 1419 935 1448 massa
973 1409 1061 1448 aut
1097 1409 1327 1447 ramento
1364 1404 1574 1463 capitur.
1641 1417 1752 1446 cum

284 1477 453 1516 cetera
504 1473 553 1514 in
605 1469 820 1515 metallis
870 1476 1072 1530 reperta
1121 1472 1222 1531 igni
1274 1468 1611 1530 perficiantur,
1662 1466 1755 1513 hoc

285 1540 459 1582 statim
486 1553 661 1581 aurum
692 1544 769 1582 est
796 1543 1294 1598 consummatamque
1323 1538 1587 1580 materiam
1614 1550 1754 1579 suam

285 1607 509 1665 protinus
546 1602 719 1657 habet,
756 1619 868 1648 cum
906 1606 979 1648 ita
1016 1605 1281 1648 invenitur.
1348 1601 1473 1647 haec
1513 1604 1644 1647 enim
1685 1604 1755 1646 in-

287 1673 455 1715 ventio
476 1673 579 1715 eius
600 1669 839 1715 naturalis
861 1676 965 1724 est3
1003 1668 1116 1723 alia,
1137 1685 1287 1731 quam
1308 1668 1546 1723 dicemus,
1565 1674 1754 1713 coacta.

287 1753 436 1798 super
463 1743 631 1782 cetera
663 1754 758 1781 non
790 1736 960 1798 robigo
990 1735 1106 1790 ulla,
1136 1752 1233 1781 non
1263 1751 1467 1797 aerugo,
1495 1751 1592 1780 non
1622 1733 1754 1779 aliud

290 1820 350 1848 ex
374 1807 498 1864 ipso,
522 1803 653 1865 quod
678 1810 938 1848 consumat
961 1803 1243 1848 bonitatem
1267 1805 1523 1847 minuatve
1547 1800 1754 1863 pondus,

288 1874 385 1915 iarn
429 1878 601 1915 contra
643 1870 756 1915 salis
800 1877 852 1915 et
894 1872 1021 1914 aceti
1065 1886 1222 1923 suco&
1265 1868 1533 1914 domitores
1574 1883 1755 1921 rerum,

289 1940 569 1982 constantia
589 1936 609 1965 4
662 1943 868 1998 superat
922 1939 1104 1990 omnia,
1159 1951 1407 1998 superque
1427 1935 1446 1965 ⁵
1501 1942 1648 1980 netur
1702 1950 1757 1980 ac

358 2079 369 2101 ¹
400 2091 536 2129 pruna
556 2077 614 2117 cd.
637 2077 796 2127 deperd.
819 2081 949 2117 recte?

355 2134 369 2155 2
400 2133 606 2170 retinente
628 2132 676 2169 B.

354 2187 369 2208 ³
411 2186 496 2224 illl.
519 2185 690 2235 strigile,
713 2185 861 2235 striges
883 2184 967 2232 (Β).

356 2240 370 2260 ‘¹
401 2239 687 2276 ‹·‹'›11sta11tian1
710 2238 758 2276 B.

360 2292 374 2313 ⁵
405 2297 576 2342 superat
620 2292 762 2329 omnia
806 2303 1014 2341 superque
1062 2289 1255 2341 Mayhoff
1267 2305 1276 2329 z
1335 2301 1542 2341 superque
1587 2292 1759 2340 superat

301 2346 443 2383 omnia
468 2346 530 2383 B:
575 2357 782 2395 superque
807 2345 950 2382 omnia
975 2344 1058 2382 rell.

493 2480 510 2498 ‘²
539 2474 602 2513 Cf.
624 2474 762 2513 Schol.
785 2474 839 2512 ad
859 2474 992 2512 Thuc.
1014 2474 1073 2513 ῙῙ.
1099 2475 1146 2513 13
1167 2472 1337 2523 ὄβρυζον
1357 2471 1532 2523 χρυσίον.

487 2527 502 2551 ⁶
533 2529 565 2566 A
591 2528 757 2566 variant
781 2527 951 2578 reading
974 2527 983 2542 ‘
1003 2528 1152 2577 striges
1172 2526 1180 2542 ’
1202 2527 1318 2577 gives
1341 2526 1350 2541 ‘
1367 2523 1572 2576 grooves.’

295 2605 352 2660 48
