1873 3020
197 1651 217 1687 Ιζ)

224 1651 245 1686 Νι

534 210 736 256 PLINY
757 228 766 257 :
824 211 1149 258 NATURAL
1196 211 1488 259 HISTORY

273 345 518 403 potuisset
564 341 795 386 trimodia
841 341 1100 386 anulorum
1146 341 1229 386 illa
1275 341 1632 404 Carthaginem
1677 341 1741 388 ab

275 427 556 473 Hannibale
586 431 736 473 mitti.
804 431 935 473 inter
965 427 1269 489 Caepionem
1300 421 1583 490 quoque'et
1612 429 1741 474 Dru-

274 531 381 560 sum
408 531 468 560 ex
494 514 640 560 anulo
664 518 713 560 in
739 518 968 560 auctione
995 514 1155 560 venali
1178 518 1490 561 intimicitiae
1514 531 1741 577 coepere,

276 601 408 647 unde
445 604 582 664 origo
617 601 807 647 socialis
843 601 959 646 belli
998 608 1050 647 et
1087 605 1240 647 exitia
1276 618 1456 647 rerum.
1524 619 1587 648 ne
1624 609 1741 648 tune

275 688 475 750 quidem
496 704 667 733 omnes
688 695 944 733 senatores
965 687 1205 743 habuere.
1227 695 1403 750 utpote
1423 705 1535 734 cum
1555 704 1740 734 memo-

275 779 344 820 ria
379 791 580 820 avorum
619 774 761 820 multi
797 782 1033 836 praetura
1069 792 1267 837 quoque
1303 774 1459 821 functi
1495 778 1545 820 in
1580 774 1741 821 ferreo

274 865 816 907 consenuerint—sicut
861 861 1183 923 Calpurnium
1230 869 1283 907 et
1331 862 1611 918 Manilium,
1657 865 1739 924 qui

278 949 472 1010 legatus
501 948 555 994 C.
591 948 738 993 Marii
771 948 923 994 fuerit
958 948 1252 1011 Iugurthino
1281 948 1428 1004 bello,
1460 948 1739 995 Fenestella

276 1035 447 1090 tradit,
475 1042 527 1081 et
552 1035 695 1081 multi
725 1035 781 1081 L.
812 1035 1057 1081 Fufidium
1084 1035 1238 1090 illum,
1265 1036 1328 1081 ad
1356 1052 1505 1098 quem
1531 1035 1739 1082 Scaurus

276 1122 338 1168 de
379 1126 480 1168 vita
518 1139 607 1168 sua
644 1126 917 1184 scripsit—‚
957 1125 1004 1167 in
1046 1122 1363 1180 Quintiorum
1402 1139 1517 1169 vero
1554 1122 1740 1168 familia

276 1226 450 1254 aurum
476 1226 538 1255 ne
564 1209 774 1255 feminas
801 1210 1002 1272 quidem
1028 1209 1214 1255 habere
1240 1227 1344 1256 mos
1369 1209 1538 1264 fuerit,
1563 1209 1739 1255 nullos-

277 1313 373 1358 que
398 1300 597 1342 omnino
622 1300 777 1342 maior
801 1314 912 1358 pars
937 1300 1164 1359 gentium
1189 1296 1563 1359 hominumque,
1587 1300 1738 1342 etiam

277 1386 356 1445 qui
402 1383 493 1428 sub
535 1387 742 1445 imperio
785 1391 952 1429 nostro
994 1384 1204 1445 degunt,
1247 1383 1494 1446 hodieque
1536 1383 1738 1429 habeat.

278 1487 373 1515 non
406 1474 572 1532 signat
603 1474 764 1515 oriens
797 1478 885 1516 aut
917 1472 1181 1533 Aegyptus
1216 1474 1368 1516 etiam
1401 1487 1530 1516 nunc
1561 1470 1739 1516 litteris

275 1564 512 1602 contenta
539 1557 667 1603 solis.

345 1643 518 1689 Multis
541 1643 631 1690 hoc
653 1645 828 1699 modis,
850 1652 904 1690 ut
927 1652 1094 1690 cetera
1117 1648 1299 1700 omnia,
1321 1644 1513 1690 luxuria
1535 1647 1740 1690 variavit

276 1747 499 1792 gemmas
531 1731 762 1777 addendo
796 1735 1026 1794 exquisiti
1059 1731 1261 1794 fulgoris
1294 1748 1544 1794 censuque
1576 1735 1739 1793 opimo

277 1817 458 1879 digitos
488 1819 758 1873 onerando,
787 1822 914 1864 sicut
942 1818 1161 1864 dicemus
1191 1822 1238 1863 in
1268 1835 1578 1881 gemmarum
1608 1818 1738 1864 volu-

279 1908 426 1958 mine,
462 1922 575 1950 mox
614 1912 665 1951 et
700 1905 885 1967 effigies
921 1910 1078 1951 varias
1113 1905 1369 1957 caelando,
1407 1913 1460 1951 ut
1496 1905 1610 1950 alibi
1645 1922 1739 1956 ars,

278 1992 390 2036 alibi
435 1996 645 2038 materia
689 2000 821 2038 esset
862 1996 911 2037 in
955 1996 1130 2054 pretio.
1199 1993 1317 2038 alias
1360 1992 1474 2038 dein
1516 2008 1739 2054 gemmas

279 2079 445 2124 violari
477 2079 615 2125 nefas
645 2083 843 2142 putavit
872 2097 945 2135 ac,
977 2097 1038 2125 ne
1070 2084 1176 2142 quis
1206 2080 1432 2142 signandi
1461 2096 1661 2126 causam
1690 2083 1738 2124 in

278 2166 433 2212 anulis
486 2183 592 2212 esse
643 2166 978 2229 intellegeret,
1028 2166 1207 2212 solidas
1257 2167 1432 2212 induit.
1500 2166 1737 2229 quasdam

284 2291 1732 2298 ——-——-——————————.———-——-——————-———

331 2375 347 2392 ‘¹
377 2369 476 2407 This
507 2382 591 2407 was
621 2369 731 2407 after
761 2369 832 2407 the
865 2369 1000 2448 bagtle
1031 2369 1078 2407 of
1103 2369 1272 2408 Cannae
1303 2369 1345 2407 in
1376 2369 1453 2407 216
1487 2379 1569 2408 B.C.
1630 2368 1737 2419 Livy

277 2422 977 2521 &²³⁶⁸{355533‘115305331321‘25v1212,
1000 2477 1132 2514 91-88
1155 2487 1236 2515 m.

336 2535 351 2554 ⁰
378 2530 477 2567 This
498 2537 728 2568 statement
752 2531 784 2568 is
808 2535 971 2568 untrue.

290 2608 342 2649 18
