1873 3020
565 194 802 243 PLINY:
856 197 1183 243 NATURAL
1231 197 1524 244 HISTORY

308 325 490 389 Cypro,
521 325 605 370 ubi
636 328 796 387 prima
827 329 952 372 aeris
985 328 1222 381 inventio,
1253 342 1367 372 mox
1399 325 1561 371 vilitas
1592 329 1777 388 praeci-

307 422 404 468 pua
439 412 638 467 reperto
669 408 719 451 in
751 404 856 451 aliis
889 409 1033 452 terris
1065 409 1431 468 praestantiore
1461 409 1777 468 maximeque

308 485 603 541 aurichalco,
662 485 794 548 quod
853 490 1174 547 praecipuam
1231 485 1512 531 bonitatem
1568 485 1779 531 admira-

308 569 599 628 tionemque
648 565 732 611 diu
782 569 1001 627 optinuit
1049 582 1141 611 nec
1189 568 1437 627 reperitur
1484 565 1632 628 longo
1677 568 1778 611 iam

254 653 278 692 3
309 652 536 707 tempore
595 644 745 691 effeta
803 645 996 691 tellure.
1064 648 1343 707 proximum
1399 646 1627 692 bonitate
1682 644 1779 691 fuit

306 725 663 771 Sallustianum
690 729 740 771 in
766 724 1074 772 Ceutronum
1101 725 1283 787 Alpino
1311 733 1496 780 tractu,
1522 742 1620 771 non
1644 724 1777 788 longi

307 813 360 852 et
396 809 557 868 ipsum
594 809 719 860 aevi,
755 809 1091 868 successitque
1129 808 1174 851 ei
1213 805 1475 851 Livianum
1510 808 1561 851 in
1597 804 1776 851 Gallia.

306 893 575 948 utrumque
601 903 629 931 a
653 885 970 932 metallorum
990 885 1199 931 dominis
1227 885 1554 947 appellatum,
1575 884 1696 931 illud
1715 885 1777 931 ab

253 972 279 1010 4
309 970 467 1012 amico
493 966 588 1011 divi
619 966 852 1028 Augusti,
879 965 971 1012 hoc
998 983 1026 1011 a
1052 969 1278 1028 coniuge.
1348 965 1524 1011 velocis
1550 964 1777 1012 defectus

308 1045 569 1091 Livianum
598 1061 824 1108 quoque3
869 1053 1006 1092 certe
1034 1045 1304 1091 admodum
1332 1048 1568 1108 exiguum
1592 1048 1778 1091 inveni-

306 1133 402 1172 tur.
471 1143 664 1171 summa
706 1126 894 1188 gloriae
937 1142 1066 1171 nunc
1108 1129 1155 1171 in
1202 1125 1488 1171 Marianum
1527 1141 1778 1181 conversa,

306 1206 440 1270 quod
485 1214 537 1252 et
581 1206 903 1252 Cordubense
947 1205 1142 1252 dicitur.
1210 1205 1302 1251 hoc
1345 1221 1373 1250 a
1418 1204 1624 1251 Liviano
1664 1204 1779 1251 cad-

305 1303 454 1332 mean
473 1290 689 1332 maxime
710 1287 880 1332 sorbet
900 1293 953 1332 et
973 1285 1236 1332 aurichalci
1255 1286 1536 1332 bonitatem
1554 1288 1780 1331 imitatur

307 1370 355 1412 in
409 1370 650 1413 sestertiis
704 1366 1161 1429 dupondiariisque,
1215 1365 1397 1428 Cyprio
1450 1382 1538 1412 suo
1589 1366 1778 1411 assibus

304 1450 568 1493 contentis,
638 1455 690 1493 et
717 1447 959 1493 hactenus
979 1446 1212 1493 nobilitas
1239 1449 1289 1492 in
1315 1462 1430 1492 aere
1450 1445 1699 1492 naturali1
1725 1462 1778 1492 se

304 1527 475 1574 habet.

254 1617 279 1654 5
374 1608 467 1654 III.
504 1608 713 1671 Reliqua
742 1624 930 1671 genera
957 1624 1075 1654 cura
1102 1614 1352 1662 constant,
1380 1623 1510 1670 quae
1538 1610 1636 1653 suis
1662 1606 1778 1653 locis

306 1688 597 1744 reddentur,
644 1706 837 1735 summa
884 1688 1116 1734 claritate
1164 1695 1283 1733 ante
1331 1690 1497 1733 omnia
1543 1687 1776 1733 indicata.

307 1769 559 1831 quondam
586 1786 668 1815 aes
694 1768 954 1815 confusum
979 1785 1099 1814 auro
1124 1775 1436 1831 argentoque
1460 1767 1778 1823 miscebatur,

309 1857 361 1895 et
400 1857 574 1895 tamen
614 1866 690 1895 ars
732 1853 993 1911 pretiosior
1034 1856 1172 1902 erat;
1229 1865 1360 1895 nunc
1399 1851 1644 1894 incertum
1684 1854 1778 1903 est,

306 1933 444 1991 peior
459 1930 584 1976 haec
601 1933 665 1975 sit
681 1947 743 1975 an
761 1933 992 1984 materia,
1008 1932 1307 1991 mirumque,
1323 1945 1436 1974 cum
1452 1927 1515 1974 ad
1530 1928 1778 1974 infinitum

306 2026 513 2072 operum
534 2013 695 2072 pretia
719 2013 982 2065 creverint,
1004 2012 1274 2055 auctoritas
1297 2012 1415 2055 artis
1439 2011 1663 2055 extincta
1684 2014 1775 2055 est.

620 2160 636 2184 ¹
666 2160 851 2199 naturali
874 2159 980 2199 coni.
1008 2158 1204 2209 Mayhoff
1216 2174 1224 2197 ε
1268 2158 1491 2197 naturalis.

365 2313 383 2332 ‘²
412 2308 489 2348 See
508 2309 526 2357 ἓ
550 2309 642 2352 117,
664 2312 778 2346 note.

362 2362 377 2386 ⁶
406 2362 711 2407 Anrickalcam,
732 2361 805 2399 the
823 2360 936 2411 right
955 2359 1070 2398 word
1090 2359 1213 2410 being
1231 2358 1444 2410 probably
1462 2358 1709 2398 orichalcum
1730 2376 1773 2390 =

304 2414 555 2467 ὀρείχαλκος,
578 2416 586 2430 ‘
608 2413 1036 2475 mountain-copper,’
1059 2413 1156 2452 that
1185 2414 1218 2452 is
1237 2412 1390 2464 yellow
1410 2425 1565 2464 copper
1593 2425 1663 2451 ore
1691 2411 1774 2451 and

305 2470 377 2547 th?
400 2468 793 2562 ξῖἒὲεῗὲῗῗεῖΐῖιῖ
813 2472 931 2573 {leat
954 2520 1111 2559 Marius
1136 2520 1310 2567 (155-86
1334 2523 1448 2570 ss.c.).

312 2601 397 2645 128
