1899 3015
244 610 295 647 69

243 1275 294 1314 70

243 1742 287 1779 71

581 207 822 253 PLINY:
881 207 1207 253 NATURAL
1249 207 1543 254 HISTORY

329 337 412 397 qui
449 335 511 380 de
547 336 741 396 pictura
776 337 1030 396 scripsere,
1066 334 1410 396 praedicantes
1447 351 1663 397 quoque,
1698 351 1796 381 non

329 402 486 447 solum
516 401 840 454 confitentes;
893 408 943 446 et
977 400 1094 446 alias
1123 400 1281 446 multa
1307 400 1558 463 graphidis
1587 404 1796 465 vestigia

329 475 531 514 exstant
556 471 605 512 in
631 468 812 513 tabulis
841 484 895 512 ac
921 468 1220 513 membranis
1248 470 1369 521 eiuS‚
1396 483 1457 513 ex
1485 468 1662 529 quibus
1687 485 1796 530 pro-

329 535 473 580 ficere
511 535 742 580 dicuntur
779 535 1004 579 artifices.
1073 537 1232 580 minor
1267 541 1438 579 tamen
1474 534 1670 580 videtur
1705 536 1796 581 sibi

327 609 640 663 comparatus
658 604 707 646 in
724 601 899 646 mediis
917 602 1199 662 corporibus
1219 601 1566 662 exprimendis.
1635 604 1796 663 pinxit

328 669 510 715 demon
545 667 927 713 Atheniensium
963 674 1258 729 argumento
1293 683 1490 729 quoque
1525 670 1794 730 ingenioso.

327 735 626 781 ostendebat
688 751 903 796 namque
964 738 1152 779 varium
1209 734 1499 780 iracundum
1558 737 1796 780 iniustum

329 801 730 855 inconstantem,1
815 801 1029 846 eundem
1113 801 1415 846 exorabilem
1496 800 1795 848 clementem

327 868 719 922 misericordem3
752 867 1017 930 gloriosum
1054 903 1063 913 .
1102 903 1112 913 .
1151 903 1160 913 .
1203 868 1234 922 ,2
1260 866 1510 913 excelsum
1542 866 1796 923 humilem,

328 935 544 981 ferocem
573 934 904 997 fugacemque
935 942 986 980 et
1014 937 1179 980 omnia
1206 937 1406 996 pariter.
1474 934 1608 980 idem
1635 937 1798 996 pinxit

329 1009 380 1047 et
411 1001 620 1055 Thesea,
654 1017 781 1063 quae
816 1002 1002 1047 Romae
1035 1004 1084 1046 in
1117 1001 1361 1062 Capitolio
1393 1000 1505 1056 fuit,
1539 1007 1591 1047 et
1622 1018 1797 1047 nauar-

326 1068 472 1114 chum
505 1068 834 1121 thoracatum,
862 1075 913 1113 et
938 1071 987 1112 in
1015 1084 1112 1113 una
1138 1067 1326 1122 tabula,
1351 1084 1479 1129 quae
1512 1075 1588 1113 est
1619 1067 1796 1123 Rhodi,

331 1135 662 1197 Meleagrum,
692 1135 976 1189 Herculem,
1006 1133 1213 1188 Persea3
1242 1134 1364 1180 haec
1391 1135 1458 1179 ibi
1486 1141 1564 1179 ter
1591 1134 1796 1182 fulmine

327 1203 558 1248 ambusta
583 1218 746 1263 neque
773 1201 1038 1247 obliterata
1063 1201 1154 1247 hoc
1179 1204 1285 1263 ipso
1310 1201 1600 1247 miraculum
1626 1209 1794 1264 auget.

327 1272 487 1330 pinxit
532 1275 584 1314 et
628 1267 965 1331 archigallum,
1010 1285 1159 1330 quam
1202 1271 1448 1330 picturam
1491 1271 1676 1314 amavit
1718 1268 1796 1314 Ti-

326 1337 490 1381 berius
535 1337 762 1396 princeps
808 1343 978 1397 atque,
1023 1342 1080 1380 ut
1125 1341 1296 1380 auctor
1341 1341 1417 1380 est
1462 1334 1692 1389 Deculo,³
1736 1351 1795 1381 Hs

326 1404 400 1467 {L—x}
427 1402 446 1430 4
519 1405 835 1447 aestimatam
901 1401 1124 1448 cubiculo
1192 1418 1279 1447 suo
1354 1400 1565 1448 inclusit.
1634 1404 1796 1463 pinxit

330 1475 380 1513 et
430 1467 732 1514 Thressam5
782 1471 1025 1514 nutricem
1076 1467 1421 1530 infantemque
1470 1470 1520 1513 in
1569 1469 1796 1514 manibus

329 1538 432 1580 eius
488 1542 540 1580 et
595 1534 859 1581 Philiscum
915 1542 967 1581 et
1024 1535 1259 1580 Liberum
1313 1542 1508 1597 patrem
1563 1534 1795 1581 adstante

327 1602 542 1656 Virtute,
568 1609 619 1648 et
642 1618 819 1664 pueros
844 1602 983 1656 duos,
1007 1605 1057 1647 in
1080 1603 1257 1663 quibus
1281 1608 1537 1663 spectatur
1559 1604 1795 1648 securitas

327 1672 507 1714 aetatis
563 1676 614 1714 et
667 1669 970 1730 simplicitas,
1024 1672 1145 1714 item
1199 1668 1509 1714 sacerdotem
1563 1668 1795 1714 adstante

325 1752 478 1797 puero
508 1752 619 1780 cum
650 1752 816 1781 acerra
847 1743 898 1781 et
926 1752 1118 1781 corona.
1188 1742 1304 1780 sunt
1334 1742 1386 1780 et
1414 1735 1543 1780 duae
1571 1737 1794 1796 picturae

327 1805 430 1847 eius
471 1802 819 1856 nobilissimae,
859 1802 1072 1863 hoplites
1113 1805 1162 1847 in
1202 1804 1473 1847 certamine
1513 1804 1585 1847 ita
1623 1802 1794 1848 decur-

326 1885 454 1923 rens,
494 1876 551 1914 ut
588 1869 766 1915 sudare
805 1870 1049 1924 videatur,
1089 1868 1215 1915 alter
1254 1885 1390 1915 arma
1427 1869 1699 1930 deponens,
1738 1876 1795 1915 ut

394 1986 404 2008 ¹
436 1986 772 2025 incontinentem
797 1986 843 2026 0.
869 1987 998 2026 Jahn.

388 2040 402 2063 2
433 2040 506 2079 Iac.
537 2040 738 2091 sslaylmff.

386 2094 401 2117 ³
432 2093 581 2132 deculo
618 2095 681 2134 B:
739 2093 907 2144 depulo,
946 2094 998 2132 de
1035 2093 1195 2145 populo
1230 2098 1302 2132 ant
1337 2094 1431 2133 sim.
1470 2093 1583 2131 rell.:
1641 2092 1794 2132 Decius

332 2147 479 2185 Gelan:
527 2147 681 2186 Decius
721 2147 861 2198 Epulo
892 2147 978 2186 edd.
1010 2153 1125 2186 vem:
1172 2147 1326 2186 Decius
1363 2146 1521 2186 Eculeo
1548 2146 1793 2186 Hermolaus

332 2200 652 2304 Bagbsscggs'lan:
697 2261 756 2291 EX
781 2253 844 2292 B:
888 2265 944 2292 Lx
970 2254 1053 2292 rell.

388 2307 403 2329 ⁵
435 2308 642 2346 thressam
666 2307 703 2345 B
722 2324 728 2346 :
773 2320 952 2345 cressam
976 2313 1046 2345 aut
1071 2306 1281 2345 chressam
1304 2306 1388 2345 rell.

686 2389 726 2392 -Μ
731 2389 803 2392 .-
809 2387 1784 2395 --.-—.-—-—-——-——-——q

603 2441 620 2458 ‘¹
651 2435 707 2474 Or
730 2436 738 2450 ‘
760 2440 895 2473 traces
917 2435 965 2474 of
982 2435 1045 2473 his
1067 2434 1500 2486 draughtsmanship.’

602 2488 617 2512 ὸ
647 2488 705 2527 Or
726 2492 736 2508 ‘
750 2489 868 2527 them
890 2489 931 2527 in
952 2489 1124 2527 various
1144 2488 1322 2527 moods.'

645 2542 765 2581 Until
787 2544 819 2580 it
840 2542 1031 2592 pcrishcd
1053 2543 1095 2580 in
1116 2542 1188 2580 the
1208 2542 1281 2581 fire
1301 2541 1349 2580 of
1364 2543 1415 2581 70
1437 2553 1518 2581 B.o.

319 2633 403 2678 312
