1873 3020
227 810 278 845 48

221 1611 273 1647 49

607 202 849 257 PLINY:
913 200 1237 254 NATURAL
1286 199 1575 253 HISTORY

314 352 572 381 vernorum
627 351 738 380 cum
791 333 981 380 faceret
1035 337 1312 396 provinciae
1372 334 1575 380 Dubio1
1628 334 1778 381 Avito

311 402 644 463 praesidente,
690 401 788 447 duo
834 401 1011 462 pocula
1056 400 1323 446 Calamidis
1370 416 1520 446 manu
1564 401 1778 456 caelata,

311 485 439 530 quae
475 468 644 514 Cassio
679 467 860 513 Salano
895 467 1135 513 avunculo
1171 471 1292 522 eius,
1327 470 1637 529 praeceptori
1672 484 1777 524 suo,

312 535 634 581 Germanicus
676 534 861 580 Caesar
901 534 1137 580 adamata
1172 534 1463 589 donaverat,
1498 534 1778 581 aemulatus

311 610 404 657 est,
431 610 486 647 ut
511 605 591 647 vix
618 601 716 647 ulla
742 600 1023 647 differentia
1050 608 1181 646 esset
1206 604 1341 646 artis.
1409 608 1597 662 quanto
1622 605 1778 647 maior

310 669 563 714 Zenodoro
583 671 893 729 praestantia
914 667 1026 723 fuit,
1045 674 1190 713 tanto
1210 670 1367 730 magis
1387 667 1778 729 deprehenditur

309 739 434 780 aeris
457 735 755 781 obliteratio.

374 801 551 864 Signis,
582 818 710 864 quae
739 808 919 847 vocant
947 800 1220 856 Corinthia,
1247 800 1470 862 plerique
1499 804 1549 846 in
1575 808 1776 846 tantum

309 872 589 930 capiuntur,
624 875 681 914 ut
715 885 882 913 secum
918 867 1286 922 circumferant,
1319 870 1446 913 sicut
1481 867 1775 914 Hortensius

309 942 475 981 orator
511 935 773 997 sphingem
810 935 950 980 Verri
989 950 1072 980 reo
1110 934 1349 989 ablatam,
1386 941 1590 996 propter
1626 951 1775 996 quam

308 1001 479 1048 Cicero
510 1002 592 1047 illo
625 1002 803 1047 iudicio
835 1005 883 1046 in
917 1001 1242 1046 altercatione
1274 1004 1481 1063 neganti
1514 1004 1576 1056 ei,
1607 1004 1776 1063 aenig-

308 1076 446 1114 mata
500 1085 552 1114 se
608 1068 918 1130 intellegere,
973 1068 1230 1129 respondit
1283 1068 1486 1123 debere,
1541 1071 1772 1130 quoniam

307 1135 568 1197 sphingem
601 1135 733 1180 domi
766 1135 992 1180 haberet.
1060 1135 1362 1180 circumtulit
1395 1142 1447 1180 et
1480 1134 1612 1180 Nero
1643 1138 1773 1197 prin-

307 1219 422 1264 ceps
456 1203 780 1256 Amazonem,
809 1202 872 1247 de
905 1218 1001 1263 qua
1038 1201 1276 1256 dicemus,
1306 1208 1358 1247 et
1389 1201 1537 1263 paulo
1569 1209 1687 1247 ante
1717 1201 1770 1247 C.

307 1269 502 1314 Cestius
540 1269 846 1314 consularis2
883 1268 1118 1330 signum?
1156 1268 1289 1330 quod
1326 1284 1494 1313 secum
1532 1271 1686 1314 etiam
1723 1271 1772 1314 in

306 1335 492 1397 proelio
544 1335 735 1381 habuit.
804 1335 1075 1381 Alexandri
1128 1351 1326 1397 quoque
1382 1335 1557 1397 Magni
1606 1335 1773 1381 taber·

307 1402 536 1447 naculum
591 1405 835 1447 sustinere
890 1402 1157 1447 traduntur
1209 1402 1385 1447 solitae
1438 1409 1656 1456 statuae,
1710 1419 1770 1447 ex

307 1470 483 1530 quibus
507 1469 635 1514 duae
660 1476 777 1514 ante
805 1469 984 1514 Martis
1010 1469 1196 1515 Ultoris
1220 1469 1397 1514 aedem
1420 1468 1616 1514 dicatae
1639 1476 1771 1524 sunt,

306 1536 518 1581 totidem
541 1543 659 1581 ante
682 1539 887 1597 regiam.

369 1603 506 1648 XIX.
547 1602 822 1648 Minoribus
879 1602 1149 1647 simulacris
1206 1605 1456 1664 signisque
1513 1605 1770 1648 innumera

304 1686 457 1730 prope
483 1670 728 1714 artificum
754 1669 1023 1714 multitudo
1048 1669 1313 1714 nobilitata
1339 1676 1432 1723 est,
1457 1676 1575 1714 ante
1600 1685 1770 1715 omnes

303 1743 476 1781 tamen
509 1735 708 1781 Phidias
740 1736 1059 1781 Atheniensis
1093 1735 1209 1781 Iove
1242 1735 1474 1798 Olympio
1494 1735 1514 1764 4
1541 1734 1676 1781 facto
1708 1753 1767 1781 ex

305 1803 455 1848 ebore
494 1803 695 1864 quidem
733 1810 784 1848 et
821 1820 956 1856 auro,
993 1802 1081 1847 sed
1119 1810 1171 1848 et
1208 1819 1269 1847 ex
1306 1819 1421 1848 aere
1457 1806 1598 1865 signa
1633 1802 1767 1848 fecit.

539 1912 548 1933 ¹
583 1911 704 1949 Vibio
727 1911 785 1949 cd.
812 1911 909 1948 Par.
936 1912 1035 1949 6801
1060 1926 1068 1949 ε
1112 1910 1252 1948 Duuio
1275 1910 1318 1948 J.
1346 1910 1485 1949 Klein.

532 1965 546 1987 ²
575 1964 805 2002 consularis
828 1964 946 2002 Laris
970 1964 1162 2002 Fro'lmer.

531 2019 546 2040 ³
576 2018 795 2068 sphingem
819 2019 924 2055 coni.
952 2017 1162 2067 Mayhofs:
1192 2016 1339 2056 seclud.
1370 2017 1544 2057 Urlichs.

533 2072 547 2093 ‘¹
577 2071 776 2122 Olympio
802 2071 863 2110 B:
909 2070 1132 2122 Olympiae
1156 2071 1240 2110 rell.

356 2183 373 2201 ⁰
402 2177 490 2215 The
510 2177 716 2215 reference
736 2177 769 2215 is
788 2176 999 2228 probably
1018 2181 1065 2216 to
1087 2181 1333 2224 statuettes‚
1355 2181 1432 2216 not
1453 2177 1702 2216 medallions
1721 2191 1767 2216 or

529 2245 561 2267 σι
782 2248 787 2255 ⁸
869 2261 876 2268 α

301 2230 901 2334 8ιὲἔῖῗὲὅέἒῗέηἳῖῥῗξῖῧξξῖίπε
916 2283 1040 2322 made
1054 2296 1077 2321 a
1093 2283 1286 2329 mistake‚
1303 2283 1479 2322 because
1494 2284 1766 2322 Alexander's

303 2338 431 2389 σκηνὴ
460 2351 544 2375 was
573 2338 644 2375 the
674 2350 841 2388 eanopy
866 2337 1113 2387 (supported
1146 2337 1202 2387 by
1231 2337 1325 2375 four
1351 2337 1504 2387 golden
1532 2343 1694 2376 statues
1723 2338 1769 2375 of

301 2391 494 2441 Victory)
520 2391 567 2428 of
587 2390 658 2429 the
684 2391 848 2429 chariot
874 2390 1008 2428 which
1034 2391 1191 2429 carried
1218 2390 1492 2429 Alexander’s
1516 2391 1622 2429 dead
1652 2390 1763 2441 body

301 2450 345 2483 to
366 2444 635 2483 Alexandria.
1459 2451 1463 2455 ·

355 2504 369 2521 ⁶
399 2498 448 2535 In
470 2497 542 2535 the
562 2498 700 2536 forum
722 2497 769 2535 of
785 2497 1002 2546 Augustus
1022 2501 1069 2535 at,
1089 2496 1238 2535 Rome.

357 2551 374 2573 ‘¹
404 2551 516 2589 Near
537 2551 609 2589 the
633 2550 789 2601 temple
811 2551 859 2589 of
880 2550 1018 2588 Vesta.

300 2629 380 2671 162
