1873 3020
247 1084 296 1119 36

243 1723 292 1759 37

244 2042 294 2079 38

585 223 818 274 PLINY:
873 226 1199 274 NATURAL
1246 221 1536 273 HISTORY

327 357 608 418 populoque
638 356 860 401 Romano
888 362 939 401 et
967 362 1201 417 equester
1227 354 1360 400 ordo.
1429 370 1527 416 qua
1553 353 1616 400 de
1641 369 1790 400 causa

327 444 379 482 et
432 453 561 482 nunc
612 443 724 497 post
776 435 1014 497 populum
1066 435 1311 489 scribitur,
1363 437 1479 498 quia
1529 436 1790 480 novissime

325 524 531 578 coeptus
561 523 638 561 est
666 515 806 561 adici.

392 596 478 641 IX.
517 596 758 657 Equitum
800 595 1002 657 quidem
1040 598 1193 640 etiam
1230 610 1410 640 nomen
1444 597 1606 655 ipsum
1639 609 1790 655 saepe

328 679 568 721 variatum
602 682 695 730 est,
725 678 775 720 in
806 678 862 720 iis
895 690 1111 737 quoque,
1143 677 1226 736 qui
1256 674 1308 719 id
1337 674 1400 719 ab
1432 676 1663 735 equitatu
1691 679 1791 718 tra-

326 755 529 801 hebant.
597 755 782 800 celeres
808 755 899 800 sub
924 754 1134 800 Romulo
1158 754 1459 816 regibusque
1483 760 1600 799 sunt
1623 752 1791 814 appel-

325 835 430 890 lati,
460 835 641 881 deinde
671 834 937 889 flexuntes,
966 841 1141 896 postea
1171 833 1385 888 trossuli,
1413 850 1524 879 cum
1554 832 1790 894 oppidum

327 918 374 960 in
410 916 578 961 Tuscis
615 918 739 960 citra
776 914 1015 960 Volsinios
1052 930 1099 976 p.
1139 931 1251 961 v1111
1288 917 1393 959 sine
1430 912 1528 958 ullo
1563 912 1788 974 peditum

325 996 614 1041 adiumento
661 998 910 1056 cepissent
958 998 1060 1040 eius
1108 993 1351 1049 vocabuli,
1397 993 1548 1055 idque
1594 993 1791 1038 duravit

326 1076 456 1122 ultra
493 1076 546 1121 C.
587 1075 882 1121 Gracchum.
952 1075 1121 1120 Iunius
1159 1081 1313 1129 certe,
1352 1077 1434 1136 qui
1474 1074 1536 1119 ab
1574 1076 1788 1119 amicitia

327 1160 429 1202 eius
460 1155 778 1201 Gracchanus
803 1155 1083 1217 appellatus
1110 1162 1203 1209 est,
1228 1157 1465 1216 scriptum
1490 1153 1690 1216 reliquit
1716 1152 1789 1197 his

326 1237 514 1282 verbis:
564 1235 711 1294 Quod
742 1235 805 1281 ad
837 1242 1122 1298 equestrem
1154 1235 1375 1280 ordinem
1408 1238 1610 1288 attinet,
1641 1240 1789 1278 antea

325 1317 557 1362 trossulos
598 1316 858 1370 vocabant,
896 1332 1026 1361 nunc
1064 1319 1256 1377 equites
1295 1322 1474 1360 vocant
1510 1314 1639 1369 ideo,
1677 1316 1790 1375 quia

326 1414 422 1442 non
461 1397 761 1458 intellegunt
799 1395 1033 1442 trossulos
1073 1412 1253 1441 nomen
1291 1395 1410 1457 quid
1448 1395 1630 1448 valeat,
1666 1393 1788 1439 mul-

324 1484 502 1539 tosque
527 1477 686 1538 pudet
711 1492 769 1522 eo
795 1479 992 1521 nomine
1019 1475 1274 1537 appellari.
1343 1482 1395 1520 et
1419 1491 1637 1529 causam,
1662 1489 1790 1535 quae

323 1573 472 1618 supra
513 1557 732 1602 indicata
776 1563 868 1609 est,
912 1559 1117 1617 exponit
1157 1558 1437 1617 invitosque
1479 1552 1789 1600 etiamnum1

324 1643 494 1682 tamen
523 1636 756 1682 trossulos
785 1639 962 1682 vocari.

391 1716 451 1762 X.
490 1716 614 1762 Sunt
657 1715 817 1762 adhuc
859 1716 1055 1778 aliquae
1094 1732 1191 1761 non
1232 1715 1542 1760 omittendae
1583 1718 1632 1760 in
1673 1730 1791 1759 auro

325 1795 651 1842 differentiae.
721 1796 903 1841 auxilia
945 1799 1128 1858 quippe
1170 1802 1221 1841 et
1262 1802 1494 1841 externos
1533 1794 1790 1857 torquibus

325 1880 485 1921 aureis
511 1877 778 1930 donavere,
804 1883 857 1921 at
881 1879 1010 1922 cives
1037 1892 1132 1921 non
1159 1878 1249 1920 nisi
1276 1878 1544 1938 argenteis,
1571 1883 1790 1936 praeter-

326 1972 422 2017 que
440 1956 654 2001 armillas
671 1956 855 2001 civibus
874 1956 1076 2009 dedere,
1095 1972 1215 2017 quas
1235 1972 1330 2001 non
1348 1955 1538 2000 dabant
1556 1957 1787 1999 externis.

390 2035 477 2081 XI.
517 2036 693 2090 Iidem,
730 2052 827 2097 quo
862 2039 1019 2098 magis
1055 2039 1307 2090 miremur,
1336 2051 1538 2080 coronas
1575 2050 1636 2079 ex
1672 2050 1790 2078 auro

325 2114 510 2161 dedere
542 2123 593 2161 et
623 2115 824 2162 civibus.
892 2119 1000 2177 quis
1032 2119 1216 2177 primus
1247 2114 1460 2160 donatus
1491 2118 1555 2160 sit
1585 2130 1663 2168 ea,
1694 2130 1788 2158 non

756 2224 771 2246 ¹
801 2223 1029 2262 etiamtum
1050 2224 1154 2262 coni.
1180 2222 1381 2273 Mayhoff.

383 2393 400 2411 ‘²
431 2387 517 2426 But
556 2389 596 2426 in
635 2388 727 2426 fact
765 2389 839 2426 the
878 2388 1046 2439 regular
1084 2388 1206 2426 order
1244 2388 1290 2426 of
1332 2388 1466 2426 words
1505 2399 1589 2424 was
1630 2391 1787 2432 senate,

327 2442 503 2492 equites,
528 2442 697 2479 Roman
720 2441 879 2492 people.

386 2495 400 2518 ὁ
429 2495 628 2533 Trossum
651 2508 697 2533 or
718 2495 985 2537 Trossulunu
1020 2493 1137 2532 there
1160 2507 1230 2531 are
1251 2493 1337 2532 still
1360 2494 1541 2531 remains
1563 2492 1611 2531 of
1627 2505 1652 2530 a
1674 2496 1788 2530 town

327 2553 373 2586 at
395 2548 427 2585 Τ
432 2562 559 2593 rosso,
583 2555 667 2586 two
692 2548 809 2586 miles
833 2549 940 2586 from
965 2547 1108 2585 Monte
1131 2548 1332 2585 Fiascone
1355 2548 1397 2585 in
1419 2546 1628 2597 Tuscany.

333 2639 390 2684 30
