1873 3020
586 191 819 239 PLINY:
874 193 1200 239 NATURAL
1247 193 1540 241 HISTORY

331 322 642 384 paedagogia
690 326 737 366 in
786 325 999 367 transitu
1047 323 1290 367 virilitatis
1338 323 1682 368 custodiantur
1723 339 1796 368 ar-

330 396 501 451 gento,
532 388 747 434 feminae
780 388 1006 434 laventur
1037 396 1089 434 et
1119 392 1207 433 nisi
1240 396 1482 451 argentea
1511 389 1631 435 solia
1659 388 1795 435 fasti-

330 455 487 510 diant,
516 455 793 516 eademque
821 458 1032 500 materia
1059 462 1111 500 et
1137 456 1256 501 cibis
1285 463 1337 501 et
1364 456 1552 517 probris
1579 457 1795 502 serviat?

223 528 296 567 153
331 522 523 567 videret
554 521 677 567 haec
711 522 962 567 Fabricius
996 529 1048 567 et
1079 529 1261 567 stratas
1293 529 1503 584 argento
1534 522 1795 568 mulierum

331 589 551 633 balineas
596 591 683 642 ita,
730 595 783 633 ut
829 591 1038 650 vestigio
1083 588 1216 634 locus
1260 605 1358 634 non
1402 591 1483 643 sit,
1527 605 1638 634 cum
1683 592 1795 635 viris

332 655 629 700 lavantium!
700 655 967 709 Fabricius,
994 657 1075 716 qui
1107 655 1307 700 bellicos
1337 658 1662 717 imperatores
1688 655 1796 717 plus

330 738 480 783 quam
501 729 727 783 pateram
751 728 801 767 et
822 721 1031 767 salinum
1054 720 1238 767 habere
1260 738 1322 767 ex
1343 729 1553 785 argento
1573 723 1795 777 vetabat,

330 788 522 833 videret
557 787 669 832 hinc
704 788 834 833 dona
869 787 1071 834 fortium
1107 787 1210 833 fieri
1246 795 1334 835 aut
1367 791 1418 834 in
1452 787 1574 834 haec
1609 788 1795 851 frangi!

330 853 427 899 heu
448 871 624 908 mores,
648 855 836 900 Fabrici
858 871 944 900 nos
964 855 1121 916 pudet
1139 855 1148 900 l

224 928 294 966 154
393 921 492 967 LV.
533 921 718 966 Mirum
762 938 880 967 auro
922 921 1160 967 caelando
1203 924 1455 967 neminem
1497 921 1797 976 inclaruisse,

330 995 538 1050 argento
567 988 765 1033 multos.
834 991 1051 1033 maxime
1081 995 1253 1034 tamen
1282 988 1513 1034 laudatus
1545 996 1621 1034 est
1653 987 1796 1034 Men-

329 1062 423 1109 tor,
463 1055 525 1100 de
565 1071 663 1117 quo
701 1071 849 1116 supra
887 1054 1116 1100 diximus.
1185 1062 1423 1116 quattuor
1462 1057 1599 1116 paria
1637 1056 1699 1100 ab
1739 1071 1797 1101 eo

329 1120 567 1167 omnino1
605 1120 739 1167 facta
777 1128 908 1176 sunt,
948 1137 1004 1167 ac
1041 1124 1140 1166 iam
1178 1121 1366 1167 nullum
1406 1129 1579 1167 extare
1617 1121 1796 1167 dicitur

331 1187 578 1249 Ephesiae
621 1188 816 1234 Dianae
860 1188 1032 1249 templi
1082 1187 1177 1233 ac2
1225 1188 1490 1250 Capitolini
1538 1188 1794 1234 incendiis.

222 1260 295 1300 155
329 1254 482 1300 Varro
518 1271 570 1300 se
607 1262 659 1300 et
695 1271 895 1300 aereum
933 1254 1166 1316 signum3
1204 1257 1307 1300 eius
1343 1254 1574 1301 habuisse
1609 1255 1794 1301 scribit.

329 1325 538 1383 proximi
566 1322 628 1367 ab
656 1338 714 1367 eo
741 1325 790 1366 in
817 1322 1145 1367 admiratione
1172 1322 1392 1383 Acragas
1421 1329 1473 1367 et
1497 1320 1718 1368 Boethus
1746 1329 1798 1367 et

332 1387 448 1451 Mys
481 1388 635 1434 fuere.
707 1395 909 1434 exstant
941 1391 1161 1434 omnium
1195 1405 1346 1449 opera
1378 1387 1524 1434 hodie
1557 1391 1607 1433 in
1638 1388 1798 1434 insula

329 1454 649 1508 Rhodiorum,
681 1454 859 1501 Boethi
891 1455 1024 1516 apud
1056 1455 1285 1500 Lindiam
1320 1454 1617 1509 Minervam,
1648 1455 1798 1500 Acra-

327 1525 492 1581 gantis
528 1525 576 1566 in
613 1522 803 1583 templo
842 1521 1007 1567 Liberi
1044 1525 1198 1583 patris
1233 1525 1284 1566 in
1320 1524 1427 1583 ipsa
1462 1521 1636 1567 Rhodo
1673 1521 1799 1567 Cen-

329 1596 497 1634 tauros
536 1587 854 1650 Bacchasque
894 1588 1072 1634 caelati
1112 1587 1301 1650 scyphi,
1344 1587 1490 1651 Myos
1530 1591 1580 1633 in
1621 1588 1796 1634 eadem

332 1655 457 1700 aede
484 1653 671 1700 Silenos
699 1662 751 1701 et
778 1654 1062 1716 Cupidines.
1131 1655 1428 1717 Acragantis
1449 1662 1501 1700 et
1525 1657 1724 1700 venatio
1750 1658 1796 1699 in

224 1729 295 1766 156
329 1721 524 1784 scyphis
545 1738 779 1783 magnam
799 1721 984 1766 famam
1011 1720 1200 1767 habuit.
1269 1728 1382 1782 post
1406 1720 1494 1767 hos
1519 1721 1797 1767 celebratus

322 1796 406 1834 est
444 1788 672 1842 Calamis,
711 1796 763 1834 et
805 1789 1074 1850 Antipatro
1111 1785 1234 1850 qui4
1270 1788 1505 1851 Satyrum
1541 1791 1591 1833 in
1633 1786 1798 1850 phiala

387 1916 400 1938 ¹
431 1928 632 1954 vasorum
655 1916 862 1955 Thz'ersch.

380 1969 395 1992 ²
425 1983 472 2008 ac
506 1970 813 2019 ll'arminyton:
856 1974 933 2008 aut
958 1970 1087 2020 (iacet
1110 1969 1170 2008 cd.
1196 1969 1295 2008 Par.
1322 1970 1461 2018 6801).

379 2023 395 2045 ³
425 2024 565 2061 sinum
588 2024 735 2062 Havet.

379 2077 395 2098 ⁴¹
425 2077 656 2127 Antipatro
687 2077 758 2126 qui
788 2075 1011 2126 Mayhoff:
1046 2076 1275 2126 Antipater
1305 2087 1474 2125 quoque
1502 2075 1573 2125 qui
1606 2075 1792 2115 Urlichs:

323 2129 549 2181 Antipater
571 2143 685 2181 quoq
706 2130 743 2168 B
761 2145 768 2168 :
805 2130 855 2168 A.
879 2130 1065 2179 quinque
1086 2130 1169 2168 rell.
1194 2129 1368 2179 (quique
1389 2128 1448 2168 cd.
1468 2129 1566 2168 Par.
1591 2130 1728 2179 6801).

377 2325 394 2342 ‘²
423 2318 467 2358 C.
487 2319 705 2357 Fabricius
727 2318 946 2365 Luscinus,
963 2332 987 2357 a
1010 2331 1111 2356 man
1126 2317 1219 2356 who
1241 2317 1336 2356 held
1359 2317 1458 2369 high
1479 2317 1619 2357 offices
1639 2330 1671 2357 c.
1689 2318 1796 2356 285-

321 2374 412 2418 275,
437 2373 514 2410 but
536 2372 633 2410 died
656 2387 680 2411 a
702 2385 806 2424 poor
829 2384 942 2411 man.

380 2426 394 2503 ἰ
423 2426 449 2517 ξ
449 2427 577 2518 gagg
588 2428 638 2517 41?
644 2456 672 2518 ’c

381 2533 398 2556 ‘¹
428 2532 478 2571 In
503 2506 552 2571 8}
579 2510 660 2571 Re.
677 2509 685 2518 ο

326 2624 409 2662 114
