1899 3015
586 219 827 265 PLINY:
884 217 1211 264 NATURAL
1253 217 1547 263 HISTORY

339 346 538 390 miliare.
607 348 756 390 tertio
812 360 1009 406 quoque
1064 346 1235 407 generi
1290 360 1416 389 unus
1470 349 1669 389 tantum
1725 349 1801 388 est

340 429 450 457 usus
484 412 547 458 ad
579 411 714 457 lanas
748 408 1050 465 suffiendas,1
1085 413 1317 472 quoniam
1351 409 1615 455 candorem
1647 409 1800 455 molli-

339 483 557 540 tiamque
582 478 788 524 confert.
859 478 1005 539 egula
1029 484 1232 523 vocatur
1256 476 1346 522 hoc
1370 493 1543 539 genus,
1568 483 1799 538 quartum

340 545 544 591 autem2
588 545 650 591 ad
695 544 938 607 ellychnia
981 547 1195 589 maxime
1240 543 1570 597 conficienda3
1631 550 1798 589 cetero

341 619 534 658 tantum
556 611 576 640 3
613 615 682 657 vis
719 618 796 657 est
831 618 887 657 ut
922 612 1116 657 morbos
1153 609 1423 656 comitiales
1459 608 1801 671 deprehendat

339 680 507 725 nidore
531 681 798 740 inpositum
822 680 938 740 igni.
1006 677 1123 723 lusit
1147 684 1199 723 et
1221 677 1492 722 Anaxilaus
1517 692 1591 731 eo,
1615 676 1802 722 addens

337 749 385 791 in
442 745 643 790 calicem
703 748 798 790 vini
857 760 1115 806 prunaque
1173 743 1372 789 subdita
1434 742 1800 795 circumferens,

337 812 700 858 exardescentis
766 828 1055 873 repercussu
1077 810 1097 840 4
1156 810 1392 872 pallorem
1450 809 1610 856 dirum
1669 809 1801 855 velut

229 886 304 925 176
335 878 681 925 defunctorum
713 877 999 924 effundente
1029 881 1079 923 in
1103 878 1122 907 5
1152 877 1422 922 conviviis.⁶
1490 883 1668 922 natura
1699 879 1802 921 eius

230 1354 305 1391 177

339 945 614 1000 excalfacit,
666 948 944 1007 concoquit,
995 944 1083 990 sed
1134 951 1185 989 et
1236 944 1438 989 discutit
1488 943 1800 989 collectiones

339 1029 614 1074 corporum,
639 1013 702 1058 ob
726 1011 818 1057 hoc
842 1012 1022 1057 talibus
1043 1012 1060 1040 7
1087 1010 1364 1072 emplastris
1389 1009 1801 1072 malagmatisque

337 1083 585 1125 miscetur.
652 1080 851 1124 renibus
885 1094 1083 1140 quoque
1117 1084 1168 1123 et
1200 1077 1378 1123 lumbis
1410 1080 1460 1122 in
1492 1076 1658 1123 dolore
1691 1092 1802 1122 cum

338 1147 483 1207 adipe
525 1148 647 1191 mire
689 1145 892 1207 prodest
933 1147 1216 1206 inpositum.
1286 1143 1451 1189 aufert
1493 1150 1546 1189 et
1587 1142 1801 1188 lichenas

338 1213 479 1258 faciei
516 1229 628 1258 cum
666 1211 936 1258 terebinthi
974 1215 1136 1257 resina
1173 1218 1225 1256 et
1262 1210 1450 1272 lepras3
1504 1209 1691 1272 harpax
1730 1212 1798 1255 ita

337 1286 540 1325 vocatur
570 1296 598 1324 a
627 1279 885 1324 celeritate
915 1278 1229 1341 praebendi,8
1260 1277 1400 1323 avelli
1433 1280 1564 1322 enim
1595 1276 1802 1322 subinde

339 1347 506 1392 debet.
574 1346 778 1407 prodest
840 1352 892 1391 et
953 1347 1223 1407 suspiriosis
1287 1344 1479 1398 linctu,9
1538 1343 1804 1405 purulenta

341 1429 538 1475 quoque
580 1413 968 1458 extussientibus
1010 1419 1062 1457 et
1101 1418 1273 1457 contra
1311 1413 1620 1472 scorpionum
1661 1413 1800 1456 ictus.

340 1480 603 1541 vitiligines
627 1483 791 1525 vivum
815 1482 943 1524 nitro
966 1482 1179 1524 mixtum
1204 1473 1356 1540 atque
1380 1493 1441 1523 ex
1466 1484 1608 1523 aceto
1630 1480 1803 1522 tritum

339 1554 391 1592 et
423 1546 618 1591 inlitum
654 1546 800 1600 tollit,
833 1549 954 1591 item
990 1545 1179 1599 lendes,
1214 1551 1265 1590 et
1296 1547 1345 1589 in
1383 1543 1629 1606 palpebris
1661 1550 1804 1589 aceto

339 1613 661 1658 sandaracato
714 1613 1007 1658 admixtum.
1075 1611 1230 1657 habet
1283 1618 1334 1657 et
1385 1614 1435 1656 in
1486 1610 1802 1673 religionibus

339 1680 498 1725 locum
526 1680 589 1725 ad
617 1680 886 1741 expiandas
915 1679 1079 1724 suffitu
1108 1679 1293 1724 domos.
1362 1681 1576 1723 sentitur
1602 1679 1671 1722 vis
1700 1680 1803 1723 eius

340 1754 392 1792 et
416 1749 465 1792 in
491 1749 630 1808 aquis
656 1746 979 1800 ferventibus,
1004 1761 1167 1807 neque
1194 1745 1288 1791 alia
1313 1760 1389 1790 res
1415 1743 1603 1790 facilius
1630 1759 1799 1790 accen-

399 1893 414 1916 1
443 1893 670 1932 suffiendas
693 1893 779 1932 coll.
806 1893 911 1932 Isia.
939 1893 1086 1932 Gelan:
1130 1892 1409 1932 sufficiendas.

398 1947 414 1970 ²
442 1951 587 1986 autem
614 1947 673 1986 cd.
703 1948 801 1985 Par.
831 1948 964 1986 6801:
1011 1950 1135 1985 caute
1162 1946 1246 1985 rell.
1277 1949 1389 1996 (cate
1415 1944 1475 1985 cd.
1506 1944 1619 1984 Leicl.
1657 1945 1790 1985 Voss:

343 2004 493 2052 aptum
520 2000 673 2049 Isz'd.):
718 2001 823 2039 coni.
852 2000 1003 2051 καυτὴρ
1032 1999 1233 2050 Mayhoff.

397 2054 413 2076 ³
443 2059 567 2092 tanta
604 2054 663 2092 cd.
704 2054 801 2092 I'ar.
842 2056 943 2093 6801
980 2067 1027 2093 ex
1067 2053 1197 2094 [sich
1247 2058 1392 2091 tamen
1433 2052 1490 2091 vel
1527 2051 1590 2090 vis
1628 2055 1800 2090 tantum

342 2108 447 2146 coni.
477 2107 677 2157 illapshosf.

398 2162 413 2184 ⁴
443 2174 685 2211 repercussu
716 2159 801 2199 edd.
835 2166 924 2199 velt.
952 2173 999 2199 ex
1026 2159 1161 2198 Isim:
1210 2172 1407 2210 percussu
1438 2158 1501 2197 B:
1549 2171 1799 2209 supercussu

350 2220 422 2252 (tul
443 2227 485 2251 se
509 2227 707 2264 percussu
731 2214 813 2252 rell.

402 2267 416 2290 ⁵
445 2267 688 2306 effundente
708 2267 751 2305 in
772 2267 822 2305 M
823 2266 966 2317 ayhoff
979 2281 987 2306 z
1024 2265 1313 2305 effundentem
1333 2265 1371 2304 B
1389 2280 1397 2304 ε
1435 2264 1679 2303 effundente
1699 2264 1783 2303 rell.

400 2320 416 2343 ⁶
444 2321 634 2359 convivis
654 2321 703 2359 B.

402 2374 416 2397 ⁷
443 2373 550 2412 albis
570 2374 763 2412 Frokner.

398 2428 414 2452 ⁸
445 2427 672 2477 praebendi
710 2427 774 2466 B:
832 2425 1014 2465 uellendi
1052 2425 1111 2464 cd.
1150 2425 1248 2464 Par.
1289 2426 1421 2464 6801:
1478 2423 1681 2476 praeuelli
1716 2424 1800 2463 rell.

343 2480 551 2519 avellendi
574 2480 659 2518 edd.
686 2486 800 2519 vett.:
841 2479 1074 2531 prendendi
1095 2478 1191 2517 Ian.

400 2534 415 2556 ⁹
444 2534 576 2572 linctu
595 2534 739 2583 Silliqz
775 2533 953 2571 linctum
970 2538 1041 2571 aut
1057 2532 1212 2571 linctus
1229 2537 1299 2569 aut
1318 2530 1441 2569 lictus
1459 2530 1544 2569 cdd.
1565 2532 1713 2580 (unctu
1732 2530 1799 2580 Β).

337 2655 426 2698 300
