<?xml version="1.0" encoding="UTF-8"?>
<!DOCTYPE html PUBLIC "-//W3C//DTD XHTML 1.0 Transitional//EN"
    "http://www.w3.org/TR/xhtml1/DTD/xhtml1-transitional.dtd">
<html xmlns="http://www.w3.org/1999/xhtml" xml:lang="en" lang="en">
 <head>
  <title>
</title>
<meta http-equiv="Content-Type" content="text/html;charset=utf-8" />
  <meta name='ocr-system' content='tesseract 3.04.00' />
  <meta name='ocr-capabilities' content='ocr_page ocr_carea ocr_par ocr_line ocrx_word'/>
</head>
<body>
  <div class='ocr_page' id='page_1' title='image "./naturalhistory09plinuoft_0016.png"; bbox 0 0 1873 3020; ppageno 0'>
   <div class='ocr_carea' id='block_1_1' title="bbox 508 267 1450 315">
    <p class='ocr_par' dir='ltr' id='par_1_1' title="bbox 508 267 1450 315">
     <span class='ocr_line' id='line_1_1' title="bbox 508 267 1450 315; baseline -0.003 0"><span class='ocrx_word' id='word_1_1' title='bbox 508 269 741 315; x_wconf 82' lang='lat' dir='ltr'>PLINY:</span> <span class='ocrx_word' id='word_1_2' title='bbox 795 268 1121 314; x_wconf 84' lang='lat' dir='ltr'>NATURAL</span> <span class='ocrx_word' id='word_1_3' title='bbox 1167 267 1450 313; x_wconf 77' lang='lat' dir='ltr'>HISTORY</span> 
     </span>
    </p>
   </div>
   <div class='ocr_carea' id='block_1_2' title="bbox 205 395 1721 2145">
    <p class='ocr_par' dir='ltr' id='par_1_2' title="bbox 205 395 1718 1046">
     <span class='ocr_line' id='line_1_2' title="bbox 205 395 1718 459; baseline -0.001 -18"><span class='ocrx_word' id='word_1_4' title='bbox 205 406 227 442; x_wconf 82' lang='lat'>:3</span> <span class='ocrx_word' id='word_1_5' title='bbox 252 398 496 449; x_wconf 74' lang='lat' dir='ltr'>omnibus,</span> <span class='ocrx_word' id='word_1_6' title='bbox 531 412 876 459; x_wconf 89' lang='lat' dir='ltr'>quaecumque</span> <span class='ocrx_word' id='word_1_7' title='bbox 910 402 1132 457; x_wconf 83' lang='lat' dir='ltr'>prosunt.</span> <span class='ocrx_word' id='word_1_8' title='bbox 1199 395 1278 440; x_wconf 86' lang='lat' dir='ltr'>illa</span> <span class='ocrx_word' id='word_1_9' title='bbox 1316 412 1401 440; x_wconf 87' lang='lat' dir='ltr'>nos</span> <span class='ocrx_word' id='word_1_10' title='bbox 1434 401 1718 456; x_wconf 88' lang='lat' dir='ltr'>peremunt,</span> 
     </span>
     <span class='ocr_line' id='line_1_3' title="bbox 250 468 1716 531; baseline -0.002 -15"><span class='ocrx_word' id='word_1_11' title='bbox 250 472 329 516; x_wconf 90' lang='lat' dir='ltr'>illa</span> <span class='ocrx_word' id='word_1_12' title='bbox 380 488 465 516; x_wconf 92' lang='lat' dir='ltr'>nos</span> <span class='ocrx_word' id='word_1_13' title='bbox 516 470 578 515; x_wconf 86' lang='lat' dir='ltr'>ad</span> <span class='ocrx_word' id='word_1_14' title='bbox 627 469 809 515; x_wconf 87' lang='lat' dir='ltr'>inferos</span> <span class='ocrx_word' id='word_1_15' title='bbox 859 476 1034 531; x_wconf 84' lang='lat' dir='ltr'>agunt,</span> <span class='ocrx_word' id='word_1_16' title='bbox 1077 485 1206 530; x_wconf 87' lang='lat' dir='ltr'>quae</span> <span class='ocrx_word' id='word_1_17' title='bbox 1254 468 1523 514; x_wconf 81' lang='lat' dir='ltr'>occultavit</span> <span class='ocrx_word' id='word_1_18' title='bbox 1564 474 1716 530; x_wconf 85' lang='lat' dir='ltr'>atque</span> 
     </span>
     <span class='ocr_line' id='line_1_4' title="bbox 249 541 1717 605; baseline -0.003 -15"><span class='ocrx_word' id='word_1_19' title='bbox 249 545 504 599; x_wconf 79' lang='lat' dir='ltr'><strong>demersit,</strong></span> <span class='ocrx_word' id='word_1_20' title='bbox 526 544 626 598; x_wconf 90' lang='lat' dir='ltr'>illa,</span> <span class='ocrx_word' id='word_1_21' title='bbox 649 560 778 605; x_wconf 81' lang='lat' dir='ltr'>quae</span> <span class='ocrx_word' id='word_1_22' title='bbox 803 560 898 587; x_wconf 90' lang='lat' dir='ltr'>non</span> <span class='ocrx_word' id='word_1_23' title='bbox 922 550 1192 587; x_wconf 83' lang='lat' dir='ltr'>nascuntur</span> <span class='ocrx_word' id='word_1_24' title='bbox 1214 549 1442 603; x_wconf 86' lang='lat' dir='ltr'>repente,</span> <span class='ocrx_word' id='word_1_25' title='bbox 1463 548 1520 587; x_wconf 90' lang='lat' dir='ltr'>ut</span> <span class='ocrx_word' id='word_1_26' title='bbox 1538 541 1556 570; x_wconf 81' lang='lat'>1</span> <span class='ocrx_word' id='word_1_27' title='bbox 1577 557 1717 587; x_wconf 88' lang='lat' dir='ltr'>mens</span> 
     </span>
     <span class='ocr_line' id='line_1_5' title="bbox 249 614 1718 677; baseline -0.003 -14"><span class='ocrx_word' id='word_1_28' title='bbox 249 618 311 663; x_wconf 89' lang='lat' dir='ltr'>ad</span> <span class='ocrx_word' id='word_1_29' title='bbox 354 621 501 663; x_wconf 89' lang='lat' dir='ltr'>inane</span> <span class='ocrx_word' id='word_1_30' title='bbox 545 617 743 662; x_wconf 75' lang='lat' dir='ltr'>evolans</span> <span class='ocrx_word' id='word_1_31' title='bbox 789 623 1007 677; x_wconf 83' lang='lat' dir='ltr'>reputet,</span> <span class='ocrx_word' id='word_1_32' title='bbox 1051 632 1179 677; x_wconf 87' lang='lat' dir='ltr'>quae</span> <span class='ocrx_word' id='word_1_33' title='bbox 1221 615 1403 661; x_wconf 87' lang='lat' dir='ltr'>deinde</span> <span class='ocrx_word' id='word_1_34' title='bbox 1445 614 1613 660; x_wconf 88' lang='lat' dir='ltr'>futura</span> <span class='ocrx_word' id='word_1_35' title='bbox 1653 617 1718 660; x_wconf 87' lang='lat' dir='ltr'>sit</span> 
     </span>
     <span class='ocr_line' id='line_1_6' title="bbox 250 689 1718 750; baseline -0.003 -13"><span class='ocrx_word' id='word_1_36' title='bbox 250 691 356 736; x_wconf 83' lang='lat' dir='ltr'>finis</span> <span class='ocrx_word' id='word_1_37' title='bbox 393 691 619 737; x_wconf 91' lang='lat' dir='ltr'>omnibus</span> <span class='ocrx_word' id='word_1_38' title='bbox 655 690 862 735; x_wconf 87' lang='lat' dir='ltr'>saeculis</span> <span class='ocrx_word' id='word_1_39' title='bbox 901 689 1225 734; x_wconf 81' lang='lat' dir='ltr'>exhauriendi</span> <span class='ocrx_word' id='word_1_40' title='bbox 1263 705 1393 743; x_wconf 89' lang='lat' dir='ltr'>eam,</span> <span class='ocrx_word' id='word_1_41' title='bbox 1428 705 1526 750; x_wconf 93' lang='lat' dir='ltr'>quo</span> <span class='ocrx_word' id='word_1_42' title='bbox 1561 703 1718 750; x_wconf 91' lang='lat' dir='ltr'>usque</span> 
     </span>
     <span class='ocr_line' id='line_1_7' title="bbox 248 761 1718 826; baseline -0.003 -16"><span class='ocrx_word' id='word_1_43' title='bbox 248 771 574 826; x_wconf 80' lang='lat' dir='ltr'>penetratura</span> <span class='ocrx_word' id='word_1_44' title='bbox 608 766 830 808; x_wconf 85' lang='lat' dir='ltr'>avaritia.</span> <span class='ocrx_word' id='word_1_45' title='bbox 900 780 1048 824; x_wconf 86' lang='lat' dir='ltr'>quam</span> <span class='ocrx_word' id='word_1_46' title='bbox 1083 766 1335 816; x_wconf 79' lang='lat' dir='ltr'>innocens,</span> <span class='ocrx_word' id='word_1_47' title='bbox 1367 778 1517 824; x_wconf 88' lang='lat' dir='ltr'>quam</span> <span class='ocrx_word' id='word_1_48' title='bbox 1548 761 1718 814; x_wconf 89' lang='lat' dir='ltr'>beata,</span> 
     </span>
     <span class='ocr_line' id='line_1_8' title="bbox 248 834 1718 890; baseline -0.003 -7"><span class='ocrx_word' id='word_1_49' title='bbox 248 841 398 883; x_wconf 90' lang='lat' dir='ltr'>immo</span> <span class='ocrx_word' id='word_1_50' title='bbox 427 854 542 883; x_wconf 87' lang='lat' dir='ltr'>vero</span> <span class='ocrx_word' id='word_1_51' title='bbox 571 840 724 882; x_wconf 84' lang='lat' dir='ltr'>etiam</span> <span class='ocrx_word' id='word_1_52' title='bbox 753 836 969 881; x_wconf 85' lang='lat' dir='ltr'>delicata</span> <span class='ocrx_word' id='word_1_53' title='bbox 999 843 1131 881; x_wconf 89' lang='lat' dir='ltr'>esset</span> <span class='ocrx_word' id='word_1_54' title='bbox 1160 839 1279 890; x_wconf 84' lang='lat' dir='ltr'>vita,</span> <span class='ocrx_word' id='word_1_55' title='bbox 1307 839 1345 880; x_wconf 85' lang='lat' dir='ltr'>si</span> <span class='ocrx_word' id='word_1_56' title='bbox 1373 834 1493 880; x_wconf 90' lang='lat' dir='ltr'>nihil</span> <span class='ocrx_word' id='word_1_57' title='bbox 1519 834 1718 880; x_wconf 85' lang='lat' dir='ltr'>aliunde</span> 
     </span>
     <span class='ocr_line' id='line_1_9' title="bbox 252 907 1718 972; baseline -0.001 -17"><span class='ocrx_word' id='word_1_58' title='bbox 252 928 399 972; x_wconf 87' lang='lat' dir='ltr'>quam</span> <span class='ocrx_word' id='word_1_59' title='bbox 433 927 580 971; x_wconf 88' lang='lat' dir='ltr'>supra</span> <span class='ocrx_word' id='word_1_60' title='bbox 613 917 771 955; x_wconf 89' lang='lat' dir='ltr'>terras</span> <span class='ocrx_word' id='word_1_61' title='bbox 803 913 1193 970; x_wconf 77' lang='lat' dir='ltr'>concupisceret,</span> <span class='ocrx_word' id='word_1_62' title='bbox 1223 909 1560 970; x_wconf 87' lang='lat' dir='ltr'>breviterque,</span> <span class='ocrx_word' id='word_1_63' title='bbox 1591 907 1718 953; x_wconf 78' lang='lat' dir='ltr'>nisi²</span> 
     </span>
     <span class='ocr_line' id='line_1_10' title="bbox 249 984 701 1046; baseline -0.002 -17"><span class='ocrx_word' id='word_1_64' title='bbox 249 984 380 1046; x_wconf 87' lang='lat' dir='ltr'>quod</span> <span class='ocrx_word' id='word_1_65' title='bbox 406 1001 570 1029; x_wconf 87' lang='lat' dir='ltr'>secum</span> <span class='ocrx_word' id='word_1_66' title='bbox 600 984 701 1029; x_wconf 79' lang='lat' dir='ltr'>est!</span> 
     </span>
    </p>

    <p class='ocr_par' dir='ltr' id='par_1_3' title="bbox 207 1056 1721 1777">
     <span class='ocr_line' id='line_1_11' title="bbox 207 1056 1720 1119; baseline -0.001 -18"><span class='ocrx_word' id='word_1_67' title='bbox 207 1066 230 1100; x_wconf 79' lang='lat'>4</span> <span class='ocrx_word' id='word_1_68' title='bbox 318 1057 383 1102; x_wconf 93' lang='lat' dir='ltr'>II.</span> <span class='ocrx_word' id='word_1_69' title='bbox 424 1058 626 1102; x_wconf 86' lang='lat' dir='ltr'>Eruitur</span> <span class='ocrx_word' id='word_1_70' title='bbox 667 1073 841 1102; x_wconf 91' lang='lat' dir='ltr'>aurum</span> <span class='ocrx_word' id='word_1_71' title='bbox 880 1064 932 1102; x_wconf 92' lang='lat' dir='ltr'>et</span> <span class='ocrx_word' id='word_1_72' title='bbox 977 1056 1279 1119; x_wconf 84' lang='lat' dir='ltr'>chrysocolla</span> <span class='ocrx_word' id='word_1_73' title='bbox 1314 1059 1474 1110; x_wconf 76' lang='lat' dir='ltr'>iuxta,</span> <span class='ocrx_word' id='word_1_74' title='bbox 1508 1062 1565 1101; x_wconf 85' lang='lat' dir='ltr'>ut</span> <span class='ocrx_word' id='word_1_75' title='bbox 1610 1071 1720 1117; x_wconf 92' lang='lat' dir='ltr'>pre—</span> 
     </span>
     <span class='ocr_line' id='line_1_12' title="bbox 253 1129 1717 1190; baseline -0.001 -15"><span class='ocrx_word' id='word_1_76' title='bbox 253 1134 420 1176; x_wconf 89' lang='lat' dir='ltr'>tiosior</span> <span class='ocrx_word' id='word_1_77' title='bbox 449 1131 694 1183; x_wconf 80' lang='lat' dir='ltr'>videatur,</span> <span class='ocrx_word' id='word_1_78' title='bbox 726 1146 906 1175; x_wconf 89' lang='lat' dir='ltr'>nomen</span> <span class='ocrx_word' id='word_1_79' title='bbox 938 1146 998 1175; x_wconf 84' lang='lat' dir='ltr'>ex</span> <span class='ocrx_word' id='word_1_80' title='bbox 1030 1146 1148 1175; x_wconf 90' lang='lat' dir='ltr'>auro</span> <span class='ocrx_word' id='word_1_81' title='bbox 1177 1129 1476 1175; x_wconf 86' lang='lat' dir='ltr'>custodiens.</span> <span class='ocrx_word' id='word_1_82' title='bbox 1542 1144 1717 1190; x_wconf 90' lang='lat' dir='ltr'>parum</span> 
     </span>
     <span class='ocr_line' id='line_1_13' title="bbox 251 1205 1720 1264; baseline -0.001 -16"><span class='ocrx_word' id='word_1_83' title='bbox 251 1207 381 1248; x_wconf 90' lang='lat' dir='ltr'>enim</span> <span class='ocrx_word' id='word_1_84' title='bbox 406 1211 514 1249; x_wconf 88' lang='lat' dir='ltr'>erat</span> <span class='ocrx_word' id='word_1_85' title='bbox 538 1221 686 1248; x_wconf 87' lang='lat' dir='ltr'>unam</span> <span class='ocrx_word' id='word_1_86' title='bbox 714 1206 845 1248; x_wconf 86' lang='lat' dir='ltr'>vitae</span> <span class='ocrx_word' id='word_1_87' title='bbox 870 1206 1114 1248; x_wconf 85' lang='lat' dir='ltr'>invenisse</span> <span class='ocrx_word' id='word_1_88' title='bbox 1138 1209 1351 1264; x_wconf 87' lang='lat' dir='ltr'>pestem,</span> <span class='ocrx_word' id='word_1_89' title='bbox 1374 1205 1465 1248; x_wconf 91' lang='lat' dir='ltr'>nisi</span> <span class='ocrx_word' id='word_1_90' title='bbox 1487 1205 1536 1247; x_wconf 93' lang='lat' dir='ltr'>in</span> <span class='ocrx_word' id='word_1_91' title='bbox 1558 1205 1720 1264; x_wconf 92' lang='lat' dir='ltr'>pretio</span> 
     </span>
     <span class='ocr_line' id='line_1_14' title="bbox 251 1276 1720 1338; baseline -0.001 -17"><span class='ocrx_word' id='word_1_92' title='bbox 251 1283 383 1322; x_wconf 83' lang='lat' dir='ltr'>esset</span> <span class='ocrx_word' id='word_1_93' title='bbox 409 1280 512 1322; x_wconf 89' lang='lat' dir='ltr'>auri</span> <span class='ocrx_word' id='word_1_94' title='bbox 543 1281 694 1322; x_wconf 87' lang='lat' dir='ltr'>etiam</span> <span class='ocrx_word' id='word_1_95' title='bbox 724 1280 901 1322; x_wconf 83' lang='lat' dir='ltr'>sanies.</span> <span class='ocrx_word' id='word_1_96' title='bbox 970 1276 1248 1337; x_wconf 81' lang='lat' dir='ltr'>quaerebat</span> <span class='ocrx_word' id='word_1_97' title='bbox 1274 1282 1538 1338; x_wconf 86' lang='lat' dir='ltr'>argentum</span> <span class='ocrx_word' id='word_1_98' title='bbox 1566 1278 1720 1320; x_wconf 89' lang='lat' dir='ltr'>avari-</span> 
     </span>
     <span class='ocr_line' id='line_1_15' title="bbox 251 1348 1718 1404; baseline 0 -10"><span class='ocrx_word' id='word_1_99' title='bbox 251 1353 349 1404; x_wconf 78' lang='lat' dir='ltr'>tia3</span> <span class='ocrx_word' id='word_1_100' title='bbox 392 1350 507 1396; x_wconf 89' lang='lat' dir='ltr'>boni</span> <span class='ocrx_word' id='word_1_101' title='bbox 535 1350 779 1396; x_wconf 80' lang='lat' dir='ltr'>consuluit</span> <span class='ocrx_word' id='word_1_102' title='bbox 809 1353 1008 1395; x_wconf 83' lang='lat' dir='ltr'>interim</span> <span class='ocrx_word' id='word_1_103' title='bbox 1037 1353 1281 1395; x_wconf 85' lang='lat' dir='ltr'>invenisse</span> <span class='ocrx_word' id='word_1_104' title='bbox 1308 1352 1514 1394; x_wconf 91' lang='lat' dir='ltr'>minium</span> <span class='ocrx_word' id='word_1_105' title='bbox 1542 1348 1718 1394; x_wconf 89' lang='lat' dir='ltr'>ruben-</span> 
     </span>
     <span class='ocr_line' id='line_1_16' title="bbox 249 1422 1719 1485; baseline -0.001 -17"><span class='ocrx_word' id='word_1_106' title='bbox 249 1427 412 1485; x_wconf 88' lang='lat' dir='ltr'>tisque</span> <span class='ocrx_word' id='word_1_107' title='bbox 430 1430 595 1469; x_wconf 88' lang='lat' dir='ltr'>terrae</span> <span class='ocrx_word' id='word_1_108' title='bbox 614 1426 920 1485; x_wconf 81' lang='lat' dir='ltr'>excogitavit</span> <span class='ocrx_word' id='word_1_109' title='bbox 938 1440 1094 1468; x_wconf 80' lang='lat' dir='ltr'>usum.</span> <span class='ocrx_word' id='word_1_110' title='bbox 1164 1422 1260 1468; x_wconf 90' lang='lat' dir='ltr'>heu</span> <span class='ocrx_word' id='word_1_111' title='bbox 1278 1422 1486 1485; x_wconf 86' lang='lat' dir='ltr'>prodiga</span> <span class='ocrx_word' id='word_1_112' title='bbox 1502 1425 1719 1484; x_wconf 85' lang='lat' dir='ltr'>ingenia,</span> 
     </span>
     <span class='ocr_line' id='line_1_17' title="bbox 253 1496 1718 1558; baseline -0.001 -17"><span class='ocrx_word' id='word_1_113' title='bbox 253 1504 374 1558; x_wconf 88' lang='lat' dir='ltr'>quot</span> <span class='ocrx_word' id='word_1_114' title='bbox 426 1496 581 1542; x_wconf 87' lang='lat' dir='ltr'>modis</span> <span class='ocrx_word' id='word_1_115' title='bbox 633 1500 860 1541; x_wconf 82' lang='lat' dir='ltr'>auximus</span> <span class='ocrx_word' id='word_1_116' title='bbox 913 1499 1072 1557; x_wconf 83' lang='lat' dir='ltr'>pretia</span> <span class='ocrx_word' id='word_1_117' title='bbox 1126 1496 1315 1541; x_wconf 78' lang='lat' dir='ltr'>rerum!</span> <span class='ocrx_word' id='word_1_118' title='bbox 1385 1498 1593 1541; x_wconf 87' lang='lat' dir='ltr'>accessit</span> <span class='ocrx_word' id='word_1_119' title='bbox 1642 1511 1718 1540; x_wconf 90' lang='lat' dir='ltr'>ars</span> 
     </span>
     <span class='ocr_line' id='line_1_18' title="bbox 252 1568 1721 1631; baseline 0.001 -17"><span class='ocrx_word' id='word_1_120' title='bbox 252 1573 492 1630; x_wconf 74' lang='lat' dir='ltr'>picturae,</span> <span class='ocrx_word' id='word_1_121' title='bbox 541 1578 592 1615; x_wconf 92' lang='lat' dir='ltr'>et</span> <span class='ocrx_word' id='word_1_122' title='bbox 639 1587 811 1614; x_wconf 88' lang='lat' dir='ltr'>aurum</span> <span class='ocrx_word' id='word_1_123' title='bbox 862 1577 1228 1631; x_wconf 76' lang='lat' dir='ltr'>argentumque</span> <span class='ocrx_word' id='word_1_124' title='bbox 1275 1568 1516 1614; x_wconf 88' lang='lat' dir='ltr'>caelando</span> <span class='ocrx_word' id='word_1_125' title='bbox 1560 1571 1721 1615; x_wconf 88' lang='lat' dir='ltr'>carius</span> 
     </span>
     <span class='ocr_line' id='line_1_19' title="bbox 251 1642 1719 1704; baseline -0.001 -16"><span class='ocrx_word' id='word_1_126' title='bbox 251 1643 471 1689; x_wconf 80' lang='lat' dir='ltr'>fecimus.</span> <span class='ocrx_word' id='word_1_127' title='bbox 539 1643 712 1689; x_wconf 87' lang='lat' dir='ltr'>didicit</span> <span class='ocrx_word' id='word_1_128' title='bbox 743 1642 889 1688; x_wconf 91' lang='lat' dir='ltr'>homo</span> <span class='ocrx_word' id='word_1_129' title='bbox 922 1650 1153 1688; x_wconf 87' lang='lat' dir='ltr'>naturam</span> <span class='ocrx_word' id='word_1_130' title='bbox 1186 1659 1468 1704; x_wconf 85' lang='lat' dir='ltr'>provocare.</span> <span class='ocrx_word' id='word_1_131' title='bbox 1535 1657 1719 1687; x_wconf 82' lang='lat' dir='ltr'>auxere</span> 
     </span>
     <span class='ocr_line' id='line_1_20' title="bbox 252 1714 1719 1777; baseline -0.001 -16"><span class='ocrx_word' id='word_1_132' title='bbox 252 1724 304 1761; x_wconf 90' lang='lat' dir='ltr'>et</span> <span class='ocrx_word' id='word_1_133' title='bbox 335 1724 494 1762; x_wconf 86' lang='lat' dir='ltr'>artem</span> <span class='ocrx_word' id='word_1_134' title='bbox 529 1720 759 1762; x_wconf 85' lang='lat' dir='ltr'>vitiorum</span> <span class='ocrx_word' id='word_1_135' title='bbox 792 1720 1144 1769; x_wconf 76' lang='lat' dir='ltr'>inritamenta3</span> <span class='ocrx_word' id='word_1_136' title='bbox 1194 1720 1242 1761; x_wconf 88' lang='lat' dir='ltr'>in</span> <span class='ocrx_word' id='word_1_137' title='bbox 1276 1715 1461 1777; x_wconf 90' lang='lat' dir='ltr'>poculis</span> <span class='ocrx_word' id='word_1_138' title='bbox 1492 1714 1719 1760; x_wconf 89' lang='lat' dir='ltr'>libidines</span> 
     </span>
    </p>

    <p class='ocr_par' dir='ltr' id='par_1_4' title="bbox 208 1789 1720 2145">
     <span class='ocr_line' id='line_1_21' title="bbox 208 1789 1719 1851; baseline 0 -18"><span class='ocrx_word' id='word_1_139' title='bbox 208 1801 229 1832; x_wconf 71' lang='lat'>:3</span> <span class='ocrx_word' id='word_1_140' title='bbox 252 1789 446 1835; x_wconf 86' lang='lat' dir='ltr'>caelare</span> <span class='ocrx_word' id='word_1_141' title='bbox 491 1794 613 1835; x_wconf 91' lang='lat' dir='ltr'>iuvit</span> <span class='ocrx_word' id='word_1_142' title='bbox 658 1806 714 1835; x_wconf 89' lang='lat' dir='ltr'>ac</span> <span class='ocrx_word' id='word_1_143' title='bbox 758 1806 848 1851; x_wconf 92' lang='lat' dir='ltr'>per</span> <span class='ocrx_word' id='word_1_144' title='bbox 891 1790 1226 1835; x_wconf 83' lang='lat' dir='ltr'>obscenitates</span> <span class='ocrx_word' id='word_1_145' title='bbox 1271 1789 1458 1834; x_wconf 90' lang='lat' dir='ltr'>bibere.</span> <span class='ocrx_word' id='word_1_146' title='bbox 1524 1789 1719 1834; x_wconf 86' lang='lat' dir='ltr'>abiecta</span> 
     </span>
     <span class='ocr_line' id='line_1_22' title="bbox 249 1862 1717 1923; baseline -0.001 -16"><span class='ocrx_word' id='word_1_147' title='bbox 249 1862 430 1909; x_wconf 89' lang='lat' dir='ltr'>deinde</span> <span class='ocrx_word' id='word_1_148' title='bbox 477 1871 594 1909; x_wconf 88' lang='lat' dir='ltr'>sunt</span> <span class='ocrx_word' id='word_1_149' title='bbox 641 1862 765 1908; x_wconf 88' lang='lat' dir='ltr'>haec</span> <span class='ocrx_word' id='word_1_150' title='bbox 814 1862 908 1908; x_wconf 84' lang='lat' dir='ltr'>ac3</span> <span class='ocrx_word' id='word_1_151' title='bbox 955 1863 1154 1909; x_wconf 85' lang='lat' dir='ltr'>sordere</span> <span class='ocrx_word' id='word_1_152' title='bbox 1201 1878 1427 1923; x_wconf 84' lang='lat' dir='ltr'>coepere,</span> <span class='ocrx_word' id='word_1_153' title='bbox 1472 1862 1570 1908; x_wconf 82' lang='lat' dir='ltr'>ut4</span> <span class='ocrx_word' id='word_1_154' title='bbox 1615 1864 1717 1906; x_wconf 88' lang='lat' dir='ltr'>auri</span> 
     </span>
     <span class='ocr_line' id='line_1_23' title="bbox 249 1934 1720 1998; baseline -0.001 -18"><span class='ocrx_word' id='word_1_155' title='bbox 249 1940 546 1998; x_wconf 83' lang='lat' dir='ltr'>argentique</span> <span class='ocrx_word' id='word_1_156' title='bbox 577 1940 782 1981; x_wconf 86' lang='lat' dir='ltr'>nimium</span> <span class='ocrx_word' id='word_1_157' title='bbox 814 1935 923 1981; x_wconf 86' lang='lat' dir='ltr'>fuit.</span> <span class='ocrx_word' id='word_1_158' title='bbox 992 1940 1209 1981; x_wconf 82' lang='lat' dir='ltr'>murrina</span> <span class='ocrx_word' id='word_1_159' title='bbox 1241 1952 1300 1980; x_wconf 87' lang='lat' dir='ltr'>ex</span> <span class='ocrx_word' id='word_1_160' title='bbox 1334 1935 1510 1981; x_wconf 91' lang='lat' dir='ltr'>eadem</span> <span class='ocrx_word' id='word_1_161' title='bbox 1541 1934 1720 1980; x_wconf 88' lang='lat' dir='ltr'>tellure</span> 
     </span>
     <span class='ocr_line' id='line_1_24' title="bbox 251 2009 1719 2072; baseline 0 -19"><span class='ocrx_word' id='word_1_162' title='bbox 251 2016 302 2054; x_wconf 92' lang='lat' dir='ltr'>et</span> <span class='ocrx_word' id='word_1_163' title='bbox 329 2010 615 2072; x_wconf 72' lang='lat' dir='ltr'>crystallina</span> <span class='ocrx_word' id='word_1_164' title='bbox 645 2009 920 2063; x_wconf 86' lang='lat' dir='ltr'>effodimus,</span> <span class='ocrx_word' id='word_1_165' title='bbox 949 2009 1126 2070; x_wconf 88' lang='lat' dir='ltr'>quibus</span> <span class='ocrx_word' id='word_1_166' title='bbox 1154 2012 1370 2070; x_wconf 88' lang='lat' dir='ltr'>pretium</span> <span class='ocrx_word' id='word_1_167' title='bbox 1399 2009 1589 2054; x_wconf 80' lang='lat' dir='ltr'>faceret</span> <span class='ocrx_word' id='word_1_168' title='bbox 1614 2012 1719 2069; x_wconf 85' lang='lat' dir='ltr'>ipsa</span> 
     </span>
     <span class='ocr_line' id='line_1_25' title="bbox 251 2080 1720 2145; baseline 0.001 -20"><span class='ocrx_word' id='word_1_169' title='bbox 251 2082 507 2144; x_wconf 78' lang='lat' dir='ltr'>fragilitas.</span> <span class='ocrx_word' id='word_1_170' title='bbox 576 2082 666 2128; x_wconf 89' lang='lat' dir='ltr'>hoc</span> <span class='ocrx_word' id='word_1_171' title='bbox 698 2089 1050 2145; x_wconf 83' lang='lat' dir='ltr'>argumentum</span> <span class='ocrx_word' id='word_1_172' title='bbox 1082 2098 1249 2143; x_wconf 87' lang='lat' dir='ltr'>opum,</span> <span class='ocrx_word' id='word_1_173' title='bbox 1281 2081 1404 2127; x_wconf 84' lang='lat' dir='ltr'>haec</span> <span class='ocrx_word' id='word_1_174' title='bbox 1434 2097 1549 2127; x_wconf 86' lang='lat' dir='ltr'>vera</span> <span class='ocrx_word' id='word_1_175' title='bbox 1580 2080 1720 2126; x_wconf 87' lang='lat' dir='ltr'>luxu-</span> 
     </span>
    </p>
   </div>
   <div class='ocr_carea' id='block_1_3' title="bbox 428 2190 1547 2241">
    <p class='ocr_par' dir='ltr' id='par_1_5' title="bbox 428 2190 1547 2241">
     <span class='ocr_line' id='line_1_26' title="bbox 428 2190 1547 2241; baseline -0.001 -12"><span class='ocrx_word' id='word_1_176' title='bbox 428 2191 436 2213; x_wconf 90' lang='lat'>¹</span> <span class='ocrx_word' id='word_1_177' title='bbox 470 2196 641 2241; x_wconf 85' lang='lat' dir='ltr'>repente</span> <span class='ocrx_word' id='word_1_178' title='bbox 666 2196 714 2229; x_wconf 80' lang='lat' dir='ltr'>ut</span> <span class='ocrx_word' id='word_1_179' title='bbox 741 2190 934 2240; x_wconf 76' lang='lat' dir='ltr'>Mayhosf</span> <span class='ocrx_word' id='word_1_180' title='bbox 947 2205 955 2229; x_wconf 94' lang='lat'>:</span> <span class='ocrx_word' id='word_1_181' title='bbox 999 2195 1047 2228; x_wconf 80' lang='lat' dir='ltr'>ut</span> <span class='ocrx_word' id='word_1_182' title='bbox 1072 2196 1244 2241; x_wconf 83' lang='lat' dir='ltr'>repente</span> <span class='ocrx_word' id='word_1_183' title='bbox 1267 2196 1338 2229; x_wconf 78' lang='grc' dir='ltr'><em>αιιι</em></span> <span class='ocrx_word' id='word_1_184' title='bbox 1362 2194 1547 2241; x_wconf 79' lang='lat' dir='ltr'>repente.</span> 
     </span>
    </p>
   </div>
   <div class='ocr_carea' id='block_1_4' title="bbox 421 2244 1136 2400">
    <p class='ocr_par' dir='ltr' id='par_1_6' title="bbox 421 2244 1136 2400">
     <span class='ocr_line' id='line_1_27' title="bbox 422 2244 1059 2294; baseline -0.002 -12"><span class='ocrx_word' id='word_1_185' title='bbox 422 2244 437 2267; x_wconf 86' lang='lat'><strong>²</strong></span> <span class='ocrx_word' id='word_1_186' title='bbox 472 2244 548 2282; x_wconf 87' lang='lat' dir='ltr'>V.l.</span> <span class='ocrx_word' id='word_1_187' title='bbox 576 2244 833 2294; x_wconf 78' lang='lat' dir='ltr'>haberetque</span> <span class='ocrx_word' id='word_1_188' title='bbox 857 2256 942 2281; x_wconf 89' lang='lat' dir='ltr'>non</span> <span class='ocrx_word' id='word_1_189' title='bbox 968 2244 1059 2282; x_wconf 84' lang='lat' dir='ltr'>nisi.</span> 
     </span>
     <span class='ocr_line' id='line_1_28' title="bbox 421 2297 1136 2347; baseline 0 -12"><span class='ocrx_word' id='word_1_190' title='bbox 421 2298 436 2320; x_wconf 87' lang='lat'>³</span> <span class='ocrx_word' id='word_1_191' title='bbox 465 2310 513 2335; x_wconf 88' lang='lat' dir='ltr'>ac</span> <span class='ocrx_word' id='word_1_192' title='bbox 537 2297 751 2347; x_wconf 76' lang='lat' dir='ltr'>Mayhoff:</span> <span class='ocrx_word' id='word_1_193' title='bbox 791 2297 867 2335; x_wconf 82' lang='lat' dir='ltr'>abs</span> <span class='ocrx_word' id='word_1_194' title='bbox 888 2297 951 2335; x_wconf 89' lang='lat' dir='ltr'>B:</span> <span class='ocrx_word' id='word_1_195' title='bbox 990 2302 1033 2335; x_wconf 78' lang='lat' dir='ltr'>et</span> <span class='ocrx_word' id='word_1_196' title='bbox 1054 2298 1136 2335; x_wconf 86' lang='lat' dir='ltr'>rell.</span> 
     </span>
     <span class='ocr_line' id='line_1_29' title="bbox 422 2350 848 2400; baseline 0 -12"><span class='ocrx_word' id='word_1_197' title='bbox 422 2351 437 2373; x_wconf 83' lang='lat'>⁴</span> <span class='ocrx_word' id='word_1_198' title='bbox 467 2356 516 2388; x_wconf 79' lang='lat' dir='ltr'>ut</span> <span class='ocrx_word' id='word_1_199' title='bbox 538 2350 753 2400; x_wconf 75' lang='lat' dir='ltr'>Illayhofs:</span> <span class='ocrx_word' id='word_1_200' title='bbox 792 2355 848 2388; x_wconf 79' lang='lat' dir='ltr'>et.</span> 
     </span>
    </p>
   </div>
   <div class='ocr_carea' id='block_1_5' title="bbox 251 2414 407 2420">
    <p class='ocr_par' dir='ltr' id='par_1_7' title="bbox 251 2414 407 2420">
     <span class='ocr_line' id='line_1_30' title="bbox 251 2414 407 2420; baseline 0 0"><span class='ocrx_word' id='word_1_201' title='bbox 251 2414 407 2420; x_wconf 95' lang='lat' dir='ltr'> </span> 
     </span>
    </p>
   </div>
   <div class='ocr_carea' id='block_1_6' title="bbox 252 2416 1720 2597">
    <p class='ocr_par' dir='ltr' id='par_1_8' title="bbox 252 2416 1720 2597">
     <span class='ocr_line' id='line_1_31' title="bbox 310 2416 1720 2494; baseline -0.001 -13"><span class='ocrx_word' id='word_1_202' title='bbox 310 2448 327 2466; x_wconf 78' lang='lat'>‘³</span> <span class='ocrx_word' id='word_1_203' title='bbox 355 2416 631 2492; x_wconf 58' lang='lat' dir='ltr'>Xvaooxdsua,</span> <span class='ocrx_word' id='word_1_204' title='bbox 652 2443 660 2457; x_wconf 89' lang='lat'>‘</span> <span class='ocrx_word' id='word_1_205' title='bbox 674 2442 959 2493; x_wconf 87' lang='lat' dir='ltr'>gold-solder.&#39;</span> <span class='ocrx_word' id='word_1_206' title='bbox 1018 2442 1117 2481; x_wconf 82' lang='lat' dir='ltr'>This</span> <span class='ocrx_word' id='word_1_207' title='bbox 1135 2444 1167 2481; x_wconf 83' lang='lat' dir='ltr'>is</span> <span class='ocrx_word' id='word_1_208' title='bbox 1180 2443 1420 2489; x_wconf 83' lang='lat' dir='ltr'>malachite,</span> <span class='ocrx_word' id='word_1_209' title='bbox 1437 2442 1549 2482; x_wconf 85' lang='lat' dir='ltr'>basic</span> <span class='ocrx_word' id='word_1_210' title='bbox 1566 2455 1720 2494; x_wconf 81' lang='lat' dir='ltr'>copper</span> 
     </span>
     <span class='ocr_line' id='line_1_32' title="bbox 252 2496 491 2534; baseline 0.004 -1"><span class='ocrx_word' id='word_1_211' title='bbox 252 2496 491 2534; x_wconf 83' lang='lat' dir='ltr'>carbonate.</span> 
     </span>
     <span class='ocr_line' id='line_1_33' title="bbox 305 2548 646 2597; baseline 0 -10"><span class='ocrx_word' id='word_1_212' title='bbox 305 2548 318 2572; x_wconf 76' lang='lat'><em>⁶</em></span> <span class='ocrx_word' id='word_1_213' title='bbox 349 2548 424 2588; x_wconf 83' lang='lat' dir='ltr'>See</span> <span class='ocrx_word' id='word_1_214' title='bbox 445 2551 483 2597; x_wconf 60' lang='grc' dir='ltr'>ἐξ</span> <span class='ocrx_word' id='word_1_215' title='bbox 511 2551 579 2587; x_wconf 91' lang='lat' dir='ltr'>lll</span> <span class='ocrx_word' id='word_1_216' title='bbox 603 2549 646 2588; x_wconf 84' lang='lat' dir='ltr'>ff.</span> 
     </span>
    </p>
   </div>
   <div class='ocr_carea' id='block_1_7' title="bbox 255 2602 926 2713">
    <p class='ocr_par' dir='ltr' id='par_1_9' title="bbox 255 2602 926 2713">
     <span class='ocr_line' id='line_1_34' title="bbox 307 2602 926 2654; baseline 0 -14"><span class='ocrx_word' id='word_1_217' title='bbox 307 2608 320 2625; x_wconf 68' lang='lat'><strong><em>⁶</em></strong></span> <span class='ocrx_word' id='word_1_218' title='bbox 350 2602 407 2641; x_wconf 90' lang='lat' dir='ltr'>Or</span> <span class='ocrx_word' id='word_1_219' title='bbox 428 2603 616 2654; x_wconf 85' lang='lat' dir='ltr'>possibly</span> <span class='ocrx_word' id='word_1_220' title='bbox 636 2602 764 2642; x_wconf 79' lang='lat' dir='ltr'>finest</span> <span class='ocrx_word' id='word_1_221' title='bbox 785 2608 926 2654; x_wconf 82' lang='lat' dir='ltr'>agate.</span> 
     </span>
     <span class='ocr_line' id='line_1_35' title="bbox 255 2672 283 2713; baseline 0 -10"><span class='ocrx_word' id='word_1_222' title='bbox 255 2672 283 2713; x_wconf 83' lang='lat'>4</span> 
     </span>
    </p>
   </div>
  </div>
 </body>
</html>
