1899 3015
196 581 269 620 150

194 1221 240 1260 lo

222 1221 261 1257 'l

243 2182 265 2220 ὲὺ

541 207 784 253 PLINY:
843 208 1172 254 NATURAL
1218 208 1513 255 HISTORY

367 335 570 380 Ferrum
609 351 869 381 accensum
908 338 1025 397 igni,
1064 338 1152 380 nisi
1193 335 1400 381 duretur
1437 337 1632 392 ictibus,
1670 354 1770 383 cor-

304 418 561 476 rumpitur.
632 416 812 461 rubens
858 432 953 461 non
994 422 1070 461 est
1114 414 1277 460 habile
1314 416 1572 462 tundendo
1608 433 1770 479 neque

303 502 573 556 antequam
627 495 877 540 albescere
932 498 1149 557 incipiat.
1219 502 1361 541 aceto
1415 503 1501 541 aut
1554 496 1769 542 alumine

304 575 495 620 inlitum
524 575 579 620 fit
612 578 710 620 aeri
738 574 912 620 simile.
978 592 1006 620 a
1032 576 1253 637 robigine
1279 575 1557 621 vindicatur
1575 592 1771 622 cerussa

303 662 354 700 et
387 672 544 717 gypso
580 662 631 700 et
665 655 852 716 liquida
885 658 1008 717 pice.
1078 654 1200 700 haec
1234 662 1310 700 est
1344 654 1473 702 ferro
1507 672 1536 700 a
1570 656 1770 702 Graecis

303 734 579 796 antipathia
618 735 766 781 dicta.
836 734 1005 780 ferunt
1045 735 1246 797 quidem
1286 742 1339 780 et
1376 735 1613 798 religione
1652 753 1769 798 qua-

301 815 413 860 dam
470 816 515 860 id
572 815 673 860 fieri
730 822 781 860 et
835 821 1034 861 exstare
1086 815 1300 860 ferream
1353 822 1583 861 catenam
1637 817 1769 878 apud

302 894 593 956 Euphraten
618 911 815 940 amnem
838 898 888 940 in
912 896 1052 949 urbe,
1077 911 1205 957 quae
1230 895 1450 957 Zeugma
1474 895 1770 958 appellatur,

302 992 399 1036 qua
437 975 722 1020 Alexander
761 974 978 1037 Magnus
1015 976 1081 1020 ibi
1120 978 1338 1021 iunxerit
1374 982 1596 1037 pontem,
1633 979 1770 1022 cuius

301 1055 487 1108 anulos,
516 1058 598 1117 qui
628 1054 798 1101 refecti
827 1058 942 1109 sint,
970 1056 1192 1117 robigine
1220 1054 1460 1110 infestari,
1488 1056 1770 1102 carentibus

302 1151 361 1180 ca
384 1136 637 1197 prioribus

364 1214 542 1261 XLIV.
582 1215 834 1261 Medicina
862 1232 888 1261 e
916 1215 1045 1261 ferro
1074 1222 1150 1261 est
1177 1222 1229 1261 et
1256 1215 1351 1260 alia
1377 1232 1528 1278 quam
1554 1216 1766 1263 secandi.

299 1312 514 1357 namque
561 1303 613 1341 et
657 1297 985 1341 circumscribi
1033 1295 1211 1341 circulo
1232 1295 1248 1323 ¹
1296 1303 1435 1341 terve
1481 1296 1769 1342 circumlato

300 1392 533 1422 mucrone
557 1382 608 1421 et
631 1376 811 1421 adultis
836 1383 887 1421 et
909 1375 1180 1421 infantibus
1203 1376 1405 1437 prodest
1427 1383 1598 1422 contra
1620 1379 1764 1422 noxia

301 1456 683 1510 medicamenta,
714 1463 765 1501 et
794 1456 1080 1518 praefixisse
1110 1459 1158 1500 in
1188 1456 1355 1501 limine
1386 1455 1577 1502 evulsos
1606 1456 1767 1519 sepul-

300 1535 425 1581 chris
451 1536 610 1582 clavos
637 1536 869 1582 adversus
896 1543 1159 1582 nocturnas
1186 1535 1568 1599 lymphationes,
1594 1539 1766 1600 pungi-

301 1633 396 1677 que
425 1616 600 1662 leviter
626 1632 877 1671 mucrone,
905 1633 1003 1678 quo
1030 1633 1288 1678 percussus
1315 1615 1462 1662 homo
1489 1619 1569 1671 sit,
1596 1624 1766 1662 contra

300 1696 491 1742 dolores
510 1696 723 1742 laterum
742 1703 1102 1758 pectorumque
1121 1697 1327 1751 subitos,
1346 1699 1429 1758 qui
1446 1700 1766 1758 punctionem

300 1775 544 1822 adferant.
614 1777 861 1839 quaedam
889 1780 1083 1822 ustione
1111 1783 1366 1831 sanantur,
1394 1779 1624 1838 privatim
1653 1794 1766 1823 vero

299 1859 431 1902 canis
456 1857 611 1902 rabidi
636 1873 842 1911 morsus,
867 1860 1050 1919 quippe
1077 1860 1227 1902 etiam
1251 1856 1571 1918 praevalente
1596 1858 1766 1903 morbo

302 1944 706 1999 expaventesque
752 1944 926 1999 potum
973 1944 1085 1982 usta
1130 1937 1277 1999 plaga
1322 1936 1430 1982 ilico
1477 1936 1763 1982 liberantur.

299 2017 431 2062 calfit
475 2020 625 2062 etiarn
670 2016 798 2062 ferro
840 2017 1086 2063 candente
1130 2024 1275 2079 potus
1318 2019 1366 2061 in
1408 2016 1576 2062 multis
1619 2019 1766 2071 vitiis,

300 2099 527 2158 privatim
553 2113 667 2143 vero
691 2097 1028 2160 dysentericis.

363 2176 513 2222 XLV.
550 2177 641 2222 Est
662 2184 713 2223 et
732 2178 903 2239 robigo
923 2180 1027 2238 ipsa
1046 2179 1096 2222 in
1115 2176 1362 2231 remediis,
1384 2182 1436 2221 et
1454 2178 1521 2221 sic
1540 2176 1764 2237 proditur

768 2323 923 2362 circulo
951 2323 1013 2363 B:
1060 2323 1236 2362 circulos
1264 2323 1346 2362 rell.

657 2478 674 2496 α
703 2472 779 2511 see
801 2475 817 2521 g·
842 2474 929 2511 175.

662 2524 675 2547 ‘'
708 2527 912 2576 Opposite
933 2525 1004 2564 the
1026 2524 1198 2563 modern
1222 2524 1393 2574 Birejik.

299 2604 383 2660 236
