<?xml version="1.0" encoding="UTF-8"?>
<!DOCTYPE html PUBLIC "-//W3C//DTD XHTML 1.0 Transitional//EN"
    "http://www.w3.org/TR/xhtml1/DTD/xhtml1-transitional.dtd">
<html xmlns="http://www.w3.org/1999/xhtml" xml:lang="en" lang="en">
 <head>
  <title>
</title>
<meta http-equiv="Content-Type" content="text/html;charset=utf-8" />
  <meta name='ocr-system' content='tesseract 3.04.00' />
  <meta name='ocr-capabilities' content='ocr_page ocr_carea ocr_par ocr_line ocrx_word'/>
</head>
<body>
  <div class='ocr_page' id='page_1' title='image "./naturalhistory09plinuoft/naturalhistory09plinuoft_0036.png"; bbox 0 0 1873 3020; ppageno 0'>
   <div class='ocr_carea' id='block_1_1' title="bbox 260 325 309 362">
    <p class='ocr_par' dir='ltr' id='par_1_1' title="bbox 260 325 309 362">
     <span class='ocr_line' id='line_1_1' title="bbox 260 325 309 362; baseline 0.02 -1"><span class='ocrx_word' id='word_1_1' title='bbox 260 325 309 362; x_wconf 75' lang='lat'>‘28</span> 
     </span>
    </p>
   </div>
   <div class='ocr_carea' id='block_1_2' title="bbox 261 932 309 969">
    <p class='ocr_par' dir='ltr' id='par_1_2' title="bbox 261 932 309 969">
     <span class='ocr_line' id='line_1_2' title="bbox 261 932 309 969; baseline 0 -22"><span class='ocrx_word' id='word_1_2' title='bbox 261 932 309 969; x_wconf 50' lang='grc' dir='ltr'>,Ἢ</span> 
     </span>
    </p>
   </div>
   <div class='ocr_carea' id='block_1_3' title="bbox 260 1718 311 1753">
    <p class='ocr_par' dir='ltr' id='par_1_3' title="bbox 260 1718 311 1753">
     <span class='ocr_line' id='line_1_3' title="bbox 260 1718 311 1753; baseline 0.039 -2"><span class='ocrx_word' id='word_1_3' title='bbox 260 1718 311 1753; x_wconf 70' lang='grc'>30</span> 
     </span>
    </p>
   </div>
   <div class='ocr_carea' id='block_1_4' title="bbox 598 187 1554 237">
    <p class='ocr_par' dir='ltr' id='par_1_4' title="bbox 598 187 1554 237">
     <span class='ocr_line' id='line_1_4' title="bbox 598 187 1554 237; baseline 0.002 -3"><span class='ocrx_word' id='word_1_4' title='bbox 598 187 702 234; x_wconf 89' lang='lat' dir='ltr'>PLI</span> <span class='ocrx_word' id='word_1_5' title='bbox 714 189 831 234; x_wconf 72' lang='lat' dir='ltr'>NY:</span> <span class='ocrx_word' id='word_1_6' title='bbox 886 189 1165 236; x_wconf 87' lang='lat' dir='ltr'>NATURA</span> <span class='ocrx_word' id='word_1_7' title='bbox 1174 190 1213 235; x_wconf 91' lang='lat' dir='ltr'>L</span> <span class='ocrx_word' id='word_1_8' title='bbox 1263 190 1554 237; x_wconf 84' lang='lat' dir='ltr'>HISTORY</span> 
     </span>
    </p>
   </div>
   <div class='ocr_carea' id='block_1_5' title="bbox 342 317 1811 2207">
    <p class='ocr_par' dir='ltr' id='par_1_5' title="bbox 342 317 1811 901">
     <span class='ocr_line' id='line_1_5' title="bbox 346 317 1810 381; baseline 0.001 -18"><span class='ocrx_word' id='word_1_9' title='bbox 346 325 543 363; x_wconf 78' lang='lat' dir='ltr'>nostrae</span> <span class='ocrx_word' id='word_1_10' title='bbox 573 334 757 362; x_wconf 81' lang='lat' dir='ltr'>annum</span> <span class='ocrx_word' id='word_1_11' title='bbox 788 317 1068 363; x_wconf 86' lang='lat' dir='ltr'>interfecto.</span> <span class='ocrx_word' id='word_1_12' title='bbox 1137 317 1434 364; x_wconf 79' lang='lat' dir='ltr'>celebratior</span> <span class='ocrx_word' id='word_1_13' title='bbox 1463 318 1666 381; x_wconf 88' lang='lat' dir='ltr'>quidem</span> <span class='ocrx_word' id='word_1_14' title='bbox 1695 335 1810 366; x_wconf 91' lang='lat' dir='ltr'>usus</span> 
     </span>
     <span class='ocr_line' id='line_1_6' title="bbox 342 405 1808 468; baseline 0.001 -18"><span class='ocrx_word' id='word_1_15' title='bbox 342 422 451 450; x_wconf 86' lang='lat' dir='ltr'>cum</span> <span class='ocrx_word' id='word_1_16' title='bbox 495 405 698 450; x_wconf 77' lang='lat' dir='ltr'>faenore</span> <span class='ocrx_word' id='word_1_17' title='bbox 739 408 959 465; x_wconf 85' lang='lat' dir='ltr'>coepisse</span> <span class='ocrx_word' id='word_1_18' title='bbox 1000 405 1170 450; x_wconf 90' lang='lat' dir='ltr'>debet.</span> <span class='ocrx_word' id='word_1_19' title='bbox 1239 413 1537 468; x_wconf 80' lang='lat' dir='ltr'>argumento</span> <span class='ocrx_word' id='word_1_20' title='bbox 1579 413 1656 452; x_wconf 85' lang='lat' dir='ltr'>est</span> <span class='ocrx_word' id='word_1_21' title='bbox 1694 423 1808 452; x_wconf 89' lang='lat' dir='ltr'>con-</span> 
     </span>
     <span class='ocr_line' id='line_1_7' title="bbox 342 491 1811 553; baseline 0.001 -16"><span class='ocrx_word' id='word_1_22' title='bbox 342 491 554 537; x_wconf 75' lang='lat' dir='ltr'>suetudo</span> <span class='ocrx_word' id='word_1_23' title='bbox 616 491 760 553; x_wconf 79' lang='lat' dir='ltr'>volgi,</span> <span class='ocrx_word' id='word_1_24' title='bbox 820 491 883 537; x_wconf 85' lang='lat' dir='ltr'>ad</span> <span class='ocrx_word' id='word_1_25' title='bbox 943 495 1229 553; x_wconf 75' lang='lat' dir='ltr'>sponsiones</span> <span class='ocrx_word' id='word_1_26' title='bbox 1291 492 1604 538; x_wconf 86' lang='lat' dir='ltr'>etiamnum1</span> <span class='ocrx_word' id='word_1_27' title='bbox 1664 492 1811 538; x_wconf 85' lang='lat' dir='ltr'>anulo</span> 
     </span>
     <span class='ocr_line' id='line_1_8' title="bbox 343 578 1811 641; baseline 0.001 -18"><span class='ocrx_word' id='word_1_28' title='bbox 343 578 596 632; x_wconf 79' lang='lat' dir='ltr'>exiliente,</span> <span class='ocrx_word' id='word_1_29' title='bbox 634 586 795 624; x_wconf 81' lang='lat' dir='ltr'>tracta</span> <span class='ocrx_word' id='word_1_30' title='bbox 833 579 895 623; x_wconf 80' lang='lat' dir='ltr'>ab</span> <span class='ocrx_word' id='word_1_31' title='bbox 934 595 992 624; x_wconf 90' lang='lat' dir='ltr'>eo</span> <span class='ocrx_word' id='word_1_32' title='bbox 1030 586 1272 640; x_wconf 80' lang='lat' dir='ltr'>tempore,</span> <span class='ocrx_word' id='word_1_33' title='bbox 1311 596 1408 641; x_wconf 93' lang='lat' dir='ltr'>quo</span> <span class='ocrx_word' id='word_1_34' title='bbox 1444 579 1665 625; x_wconf 91' lang='lat' dir='ltr'>nondum</span> <span class='ocrx_word' id='word_1_35' title='bbox 1702 586 1811 625; x_wconf 87' lang='lat' dir='ltr'>erat</span> 
     </span>
     <span class='ocr_line' id='line_1_9' title="bbox 342 665 1811 727; baseline 0.001 -17"><span class='ocrx_word' id='word_1_36' title='bbox 342 682 448 710; x_wconf 79' lang='lat' dir='ltr'>arra</span> <span class='ocrx_word' id='word_1_37' title='bbox 485 665 710 720; x_wconf 79' lang='lat' dir='ltr'>velocior,</span> <span class='ocrx_word' id='word_1_38' title='bbox 745 673 801 711; x_wconf 87' lang='lat' dir='ltr'>ut</span> <span class='ocrx_word' id='word_1_39' title='bbox 833 665 981 727; x_wconf 81' lang='lat' dir='ltr'>plane</span> <span class='ocrx_word' id='word_1_40' title='bbox 1014 665 1277 711; x_wconf 79' lang='lat' dir='ltr'>adfirmare</span> <span class='ocrx_word' id='word_1_41' title='bbox 1310 669 1551 727; x_wconf 86' lang='lat' dir='ltr'>possimus</span> <span class='ocrx_word' id='word_1_42' title='bbox 1585 682 1811 712; x_wconf 91' lang='lat' dir='ltr'>nummos</span> 
     </span>
     <span class='ocr_line' id='line_1_10' title="bbox 342 751 1810 814; baseline 0.001 -17"><span class='ocrx_word' id='word_1_43' title='bbox 342 760 459 798; x_wconf 82' lang='lat' dir='ltr'>ante</span> <span class='ocrx_word' id='word_1_44' title='bbox 501 752 633 814; x_wconf 80' lang='lat' dir='ltr'>apud</span> <span class='ocrx_word' id='word_1_45' title='bbox 676 769 778 805; x_wconf 80' lang='lat' dir='ltr'>nos,</span> <span class='ocrx_word' id='word_1_46' title='bbox 820 769 934 798; x_wconf 87' lang='lat' dir='ltr'>mox</span> <span class='ocrx_word' id='word_1_47' title='bbox 976 751 1146 797; x_wconf 71' lang='lat' dir='ltr'>anulos</span> <span class='ocrx_word' id='word_1_48' title='bbox 1188 756 1424 814; x_wconf 90' lang='lat' dir='ltr'>coepisse.</span> <span class='ocrx_word' id='word_1_49' title='bbox 1492 752 1555 798; x_wconf 91' lang='lat' dir='ltr'>de</span> <span class='ocrx_word' id='word_1_50' title='bbox 1597 756 1810 798; x_wconf 85' lang='lat' dir='ltr'>nummis</span> 
     </span>
     <span class='ocr_line' id='line_1_11' title="bbox 342 839 862 901; baseline 0 -16"><span class='ocrx_word' id='word_1_51' title='bbox 342 839 488 901; x_wconf 85' lang='lat' dir='ltr'>paulo</span> <span class='ocrx_word' id='word_1_52' title='bbox 516 846 627 901; x_wconf 89' lang='lat' dir='ltr'>post</span> <span class='ocrx_word' id='word_1_53' title='bbox 655 839 862 886; x_wconf 85' lang='lat' dir='ltr'>dicetur.</span> 
     </span>
    </p>

    <p class='ocr_par' dir='ltr' id='par_1_6' title="bbox 342 926 1811 2207">
     <span class='ocr_line' id='line_1_12' title="bbox 407 926 1811 989; baseline 0.001 -18"><span class='ocrx_word' id='word_1_54' title='bbox 407 926 516 971; x_wconf 78' lang='lat' dir='ltr'><strong>VII.</strong></span> <span class='ocrx_word' id='word_1_55' title='bbox 555 926 702 972; x_wconf 90' lang='lat' dir='ltr'>Anuli</span> <span class='ocrx_word' id='word_1_56' title='bbox 739 927 1012 972; x_wconf 80' lang='lat' dir='ltr'>distinxere</span> <span class='ocrx_word' id='word_1_57' title='bbox 1059 926 1271 972; x_wconf 79' lang='lat' dir='ltr'>alterum</span> <span class='ocrx_word' id='word_1_58' title='bbox 1314 926 1537 973; x_wconf 89' lang='lat' dir='ltr'>ordinem</span> <span class='ocrx_word' id='word_1_59' title='bbox 1571 943 1601 972; x_wconf 84' lang='lat' dir='ltr'>a</span> <span class='ocrx_word' id='word_1_60' title='bbox 1646 926 1811 989; x_wconf 89' lang='lat' dir='ltr'>plebe,</span> 
     </span>
     <span class='ocr_line' id='line_1_13' title="bbox 344 1013 1811 1075; baseline 0.001 -17"><span class='ocrx_word' id='word_1_61' title='bbox 344 1021 398 1059; x_wconf 92' lang='lat' dir='ltr'>ut</span> <span class='ocrx_word' id='word_1_62' title='bbox 438 1013 589 1059; x_wconf 87' lang='lat' dir='ltr'>semel</span> <span class='ocrx_word' id='word_1_63' title='bbox 631 1021 903 1075; x_wconf 76' lang='lat' dir='ltr'>coeperant</span> <span class='ocrx_word' id='word_1_64' title='bbox 945 1030 1050 1059; x_wconf 86' lang='lat' dir='ltr'>esse</span> <span class='ocrx_word' id='word_1_65' title='bbox 1093 1013 1331 1068; x_wconf 83' lang='lat' dir='ltr'>celebres,</span> <span class='ocrx_word' id='word_1_66' title='bbox 1372 1017 1499 1060; x_wconf 86' lang='lat' dir='ltr'>sicut</span> <span class='ocrx_word' id='word_1_67' title='bbox 1539 1016 1709 1060; x_wconf 85' lang='lat' dir='ltr'>tunica</span> <span class='ocrx_word' id='word_1_68' title='bbox 1748 1013 1811 1059; x_wconf 83' lang='lat' dir='ltr'>ab</span> 
     </span>
     <span class='ocr_line' id='line_1_14' title="bbox 342 1099 1811 1163; baseline 0.001 -18"><span class='ocrx_word' id='word_1_69' title='bbox 342 1099 498 1146; x_wconf 84' lang='lat' dir='ltr'>anulis</span> <span class='ocrx_word' id='word_1_70' title='bbox 533 1108 778 1146; x_wconf 82' lang='lat' dir='ltr'>senatum.</span> <span class='ocrx_word' id='word_1_71' title='bbox 849 1117 1152 1163; x_wconf 82' lang='lat' dir='ltr'>quamquam</span> <span class='ocrx_word' id='word_1_72' title='bbox 1190 1108 1242 1147; x_wconf 89' lang='lat' dir='ltr'>et</span> <span class='ocrx_word' id='word_1_73' title='bbox 1277 1099 1368 1146; x_wconf 84' lang='lat' dir='ltr'>hoe</span> <span class='ocrx_word' id='word_1_74' title='bbox 1402 1117 1529 1156; x_wconf 87' lang='lat' dir='ltr'>sero,</span> <span class='ocrx_word' id='word_1_75' title='bbox 1564 1100 1811 1163; x_wconf 86' lang='lat' dir='ltr'>vulgoque</span> 
     </span>
     <span class='ocr_line' id='line_1_15' title="bbox 344 1188 1811 1249; baseline 0.001 -17"><span class='ocrx_word' id='word_1_76' title='bbox 344 1204 559 1249; x_wconf 83' lang='lat' dir='ltr'>purpura</span> <span class='ocrx_word' id='word_1_77' title='bbox 593 1188 766 1234; x_wconf 82' lang='lat' dir='ltr'>latiore</span> <span class='ocrx_word' id='word_1_78' title='bbox 799 1191 998 1234; x_wconf 83' lang='lat' dir='ltr'>tunicae</span> <span class='ocrx_word' id='word_1_79' title='bbox 1032 1205 1142 1233; x_wconf 88' lang='lat' dir='ltr'>usos</span> <span class='ocrx_word' id='word_1_80' title='bbox 1176 1190 1451 1233; x_wconf 87' lang='lat' dir='ltr'>invenimus</span> <span class='ocrx_word' id='word_1_81' title='bbox 1485 1191 1638 1234; x_wconf 85' lang='lat' dir='ltr'>etiam</span> <span class='ocrx_word' id='word_1_82' title='bbox 1671 1203 1811 1249; x_wconf 84' lang='lat' dir='ltr'>prae-</span> 
     </span>
     <span class='ocr_line' id='line_1_16' title="bbox 342 1273 1810 1336; baseline 0 -16"><span class='ocrx_word' id='word_1_83' title='bbox 342 1291 505 1329; x_wconf 87' lang='lat' dir='ltr'>cones,</span> <span class='ocrx_word' id='word_1_84' title='bbox 538 1278 665 1320; x_wconf 87' lang='lat' dir='ltr'>sieut</span> <span class='ocrx_word' id='word_1_85' title='bbox 701 1282 897 1336; x_wconf 80' lang='lat' dir='ltr'>patrem</span> <span class='ocrx_word' id='word_1_86' title='bbox 933 1274 987 1320; x_wconf 91' lang='lat' dir='ltr'>L.</span> <span class='ocrx_word' id='word_1_87' title='bbox 1024 1275 1152 1320; x_wconf 89' lang='lat' dir='ltr'>Aelii</span> <span class='ocrx_word' id='word_1_88' title='bbox 1186 1274 1386 1321; x_wconf 76' lang='lat' dir='ltr'>Stilonis</span> <span class='ocrx_word' id='word_1_89' title='bbox 1424 1273 1713 1321; x_wconf 82' lang='lat' dir='ltr'>Praeconini</span> <span class='ocrx_word' id='word_1_90' title='bbox 1747 1274 1810 1320; x_wconf 90' lang='lat' dir='ltr'>ob</span> 
     </span>
     <span class='ocr_line' id='line_1_17' title="bbox 345 1361 1809 1424; baseline 0.001 -18"><span class='ocrx_word' id='word_1_91' title='bbox 345 1363 391 1407; x_wconf 90' lang='lat' dir='ltr'>id</span> <span class='ocrx_word' id='word_1_92' title='bbox 429 1365 779 1423; x_wconf 81' lang='lat' dir='ltr'>cognominati.</span> <span class='ocrx_word' id='word_1_93' title='bbox 848 1362 936 1407; x_wconf 88' lang='lat' dir='ltr'>sed</span> <span class='ocrx_word' id='word_1_94' title='bbox 974 1362 1105 1407; x_wconf 84' lang='lat' dir='ltr'>anuli</span> <span class='ocrx_word' id='word_1_95' title='bbox 1146 1362 1294 1424; x_wconf 81' lang='lat' dir='ltr'>plane</span> <span class='ocrx_word' id='word_1_96' title='bbox 1336 1365 1543 1408; x_wconf 80' lang='lat' dir='ltr'>tertium</span> <span class='ocrx_word' id='word_1_97' title='bbox 1585 1361 1809 1408; x_wconf 87' lang='lat' dir='ltr'>ordinem</span> 
     </span>
     <span class='ocr_line' id='line_1_18' title="bbox 343 1449 1810 1512; baseline 0 -17"><span class='ocrx_word' id='word_1_98' title='bbox 343 1450 660 1512; x_wconf 85' lang='lat' dir='ltr'>mediumque</span> <span class='ocrx_word' id='word_1_99' title='bbox 704 1450 865 1511; x_wconf 86' lang='lat' dir='ltr'>plebei</span> <span class='ocrx_word' id='word_1_100' title='bbox 910 1458 962 1496; x_wconf 86' lang='lat' dir='ltr'>et</span> <span class='ocrx_word' id='word_1_101' title='bbox 1004 1450 1228 1511; x_wconf 83' lang='lat' dir='ltr'>patribus</span> <span class='ocrx_word' id='word_1_102' title='bbox 1269 1453 1539 1505; x_wconf 88' lang='lat' dir='ltr'>inseruere,</span> <span class='ocrx_word' id='word_1_103' title='bbox 1580 1466 1637 1495; x_wconf 84' lang='lat' dir='ltr'>ao</span> <span class='ocrx_word' id='word_1_104' title='bbox 1678 1449 1810 1512; x_wconf 92' lang='lat' dir='ltr'>quod</span> 
     </span>
     <span class='ocr_line' id='line_1_19' title="bbox 342 1535 1811 1599; baseline 0 -17"><span class='ocrx_word' id='word_1_105' title='bbox 342 1544 491 1582; x_wconf 80' lang='lat' dir='ltr'>antea</span> <span class='ocrx_word' id='word_1_106' title='bbox 543 1537 778 1582; x_wconf 78' lang='lat' dir='ltr'>militares</span> <span class='ocrx_word' id='word_1_107' title='bbox 832 1541 942 1599; x_wconf 89' lang='lat' dir='ltr'>equi</span> <span class='ocrx_word' id='word_1_108' title='bbox 997 1553 1177 1583; x_wconf 88' lang='lat' dir='ltr'>nomen</span> <span class='ocrx_word' id='word_1_109' title='bbox 1228 1537 1491 1592; x_wconf 85' lang='lat' dir='ltr'>dederant,</span> <span class='ocrx_word' id='word_1_110' title='bbox 1541 1535 1633 1583; x_wconf 88' lang='lat' dir='ltr'>hoc</span> <span class='ocrx_word' id='word_1_111' title='bbox 1682 1553 1811 1582; x_wconf 88' lang='lat' dir='ltr'>nunc</span> 
     </span>
     <span class='ocr_line' id='line_1_20' title="bbox 344 1622 1807 1686; baseline 0 -18"><span class='ocrx_word' id='word_1_112' title='bbox 344 1627 581 1685; x_wconf 82' lang='lat' dir='ltr'>pecuniae</span> <span class='ocrx_word' id='word_1_113' title='bbox 622 1624 805 1670; x_wconf 86' lang='lat' dir='ltr'>indices</span> <span class='ocrx_word' id='word_1_114' title='bbox 845 1625 1086 1670; x_wconf 84' lang='lat' dir='ltr'>tribuunt.</span> <span class='ocrx_word' id='word_1_115' title='bbox 1157 1640 1246 1670; x_wconf 88' lang='lat' dir='ltr'>nec</span> <span class='ocrx_word' id='word_1_116' title='bbox 1286 1624 1477 1686; x_wconf 85' lang='lat' dir='ltr'>pridem</span> <span class='ocrx_word' id='word_1_117' title='bbox 1517 1623 1566 1669; x_wconf 89' lang='lat' dir='ltr'>id</span> <span class='ocrx_word' id='word_1_118' title='bbox 1603 1622 1807 1670; x_wconf 85' lang='lat' dir='ltr'>factum.</span> 
     </span>
     <span class='ocr_line' id='line_1_21' title="bbox 343 1710 1809 1773; baseline 0.001 -18"><span class='ocrx_word' id='word_1_119' title='bbox 343 1711 454 1756; x_wconf 85' lang='lat' dir='ltr'>divo</span> <span class='ocrx_word' id='word_1_120' title='bbox 480 1712 709 1773; x_wconf 81' lang='lat' dir='ltr'>Augusto</span> <span class='ocrx_word' id='word_1_121' title='bbox 735 1711 958 1757; x_wconf 75' lang='lat' dir='ltr'>decurias</span> <span class='ocrx_word' id='word_1_122' title='bbox 985 1711 1248 1757; x_wconf 82' lang='lat' dir='ltr'>ordinante</span> <span class='ocrx_word' id='word_1_123' title='bbox 1274 1714 1431 1757; x_wconf 85' lang='lat' dir='ltr'>maior</span> <span class='ocrx_word' id='word_1_124' title='bbox 1453 1727 1568 1773; x_wconf 83' lang='lat' dir='ltr'>pars</span> <span class='ocrx_word' id='word_1_125' title='bbox 1593 1710 1809 1756; x_wconf 86' lang='lat' dir='ltr'>iudicum</span> 
     </span>
     <span class='ocr_line' id='line_1_22' title="bbox 343 1796 1809 1861; baseline 0.001 -19"><span class='ocrx_word' id='word_1_126' title='bbox 343 1801 390 1842; x_wconf 91' lang='lat' dir='ltr'>in</span> <span class='ocrx_word' id='word_1_127' title='bbox 429 1798 589 1843; x_wconf 80' lang='lat' dir='ltr'>ferreo</span> <span class='ocrx_word' id='word_1_128' title='bbox 627 1798 772 1843; x_wconf 79' lang='lat' dir='ltr'>anulo</span> <span class='ocrx_word' id='word_1_129' title='bbox 811 1797 905 1844; x_wconf 89' lang='lat' dir='ltr'>fuit</span> <span class='ocrx_word' id='word_1_130' title='bbox 943 1802 1075 1860; x_wconf 86' lang='lat' dir='ltr'>iique</span> <span class='ocrx_word' id='word_1_131' title='bbox 1116 1815 1211 1843; x_wconf 90' lang='lat' dir='ltr'>non</span> <span class='ocrx_word' id='word_1_132' title='bbox 1250 1801 1463 1861; x_wconf 90' lang='lat' dir='ltr'>equites,</span> <span class='ocrx_word' id='word_1_133' title='bbox 1499 1796 1588 1843; x_wconf 88' lang='lat' dir='ltr'>sed</span> <span class='ocrx_word' id='word_1_134' title='bbox 1624 1797 1809 1844; x_wconf 89' lang='lat' dir='ltr'>iudices</span> 
     </span>
     <span class='ocr_line' id='line_1_23' title="bbox 345 1885 1809 1947; baseline 0.002 -20"><span class='ocrx_word' id='word_1_135' title='bbox 345 1885 661 1930; x_wconf 75' lang='lat' dir='ltr'>vocabantur.</span> <span class='ocrx_word' id='word_1_136' title='bbox 731 1888 956 1947; x_wconf 85' lang='lat' dir='ltr'>equitum</span> <span class='ocrx_word' id='word_1_137' title='bbox 994 1901 1172 1931; x_wconf 90' lang='lat' dir='ltr'>nomen</span> <span class='ocrx_word' id='word_1_138' title='bbox 1209 1885 1515 1931; x_wconf 83' lang='lat' dir='ltr'>subsistebat</span> <span class='ocrx_word' id='word_1_139' title='bbox 1549 1887 1599 1930; x_wconf 91' lang='lat' dir='ltr'>in</span> <span class='ocrx_word' id='word_1_140' title='bbox 1634 1888 1809 1930; x_wconf 86' lang='lat' dir='ltr'>turmis</span> 
     </span>
     <span class='ocr_line' id='line_1_24' title="bbox 344 1972 1808 2034; baseline 0.001 -18"><span class='ocrx_word' id='word_1_141' title='bbox 344 1988 580 2033; x_wconf 79' lang='lat' dir='ltr'>equorum</span> <span class='ocrx_word' id='word_1_142' title='bbox 642 1972 963 2033; x_wconf 82' lang='lat' dir='ltr'>publicorum.</span> <span class='ocrx_word' id='word_1_143' title='bbox 1032 1972 1248 2018; x_wconf 86' lang='lat' dir='ltr'>iudicum</span> <span class='ocrx_word' id='word_1_144' title='bbox 1307 1988 1505 2034; x_wconf 90' lang='lat' dir='ltr'>quoque</span> <span class='ocrx_word' id='word_1_145' title='bbox 1563 1988 1661 2017; x_wconf 90' lang='lat' dir='ltr'>non</span> <span class='ocrx_word' id='word_1_146' title='bbox 1718 1974 1808 2017; x_wconf 90' lang='lat' dir='ltr'>nisi</span> 
     </span>
     <span class='ocr_line' id='line_1_25' title="bbox 343 2058 1809 2121; baseline 0 -18"><span class='ocrx_word' id='word_1_147' title='bbox 343 2067 579 2120; x_wconf 75' lang='lat' dir='ltr'>quattuor</span> <span class='ocrx_word' id='word_1_148' title='bbox 608 2059 838 2105; x_wconf 80' lang='lat' dir='ltr'>decuriae</span> <span class='ocrx_word' id='word_1_149' title='bbox 868 2059 1007 2105; x_wconf 87' lang='lat' dir='ltr'>fuere</span> <span class='ocrx_word' id='word_1_150' title='bbox 1037 2063 1213 2121; x_wconf 89' lang='lat' dir='ltr'>primo,</span> <span class='ocrx_word' id='word_1_151' title='bbox 1244 2062 1424 2121; x_wconf 79' lang='lat' dir='ltr'>vixque</span> <span class='ocrx_word' id='word_1_152' title='bbox 1453 2058 1647 2121; x_wconf 86' lang='lat' dir='ltr'>singula</span> <span class='ocrx_word' id='word_1_153' title='bbox 1676 2058 1809 2104; x_wconf 86' lang='lat' dir='ltr'>milia</span> 
     </span>
     <span class='ocr_line' id='line_1_26' title="bbox 343 2144 1808 2207; baseline 0.001 -18"><span class='ocrx_word' id='word_1_154' title='bbox 343 2148 390 2189; x_wconf 88' lang='lat' dir='ltr'>in</span> <span class='ocrx_word' id='word_1_155' title='bbox 425 2145 633 2191; x_wconf 82' lang='lat' dir='ltr'>decuriis</span> <span class='ocrx_word' id='word_1_156' title='bbox 669 2149 872 2192; x_wconf 77' lang='lat' dir='ltr'>inventa</span> <span class='ocrx_word' id='word_1_157' title='bbox 905 2153 1039 2202; x_wconf 89' lang='lat' dir='ltr'>sunt,</span> <span class='ocrx_word' id='word_1_158' title='bbox 1074 2146 1293 2192; x_wconf 89' lang='lat' dir='ltr'>nondum</span> <span class='ocrx_word' id='word_1_159' title='bbox 1327 2148 1585 2207; x_wconf 84' lang='lat' dir='ltr'>provinciis</span> <span class='ocrx_word' id='word_1_160' title='bbox 1621 2144 1683 2190; x_wconf 83' lang='lat' dir='ltr'>ad</span> <span class='ocrx_word' id='word_1_161' title='bbox 1718 2144 1808 2190; x_wconf 81' lang='lat' dir='ltr'>hoc</span> 
     </span>
    </p>
   </div>
   <div class='ocr_carea' id='block_1_6' title="bbox 747 2262 1406 2314">
    <p class='ocr_par' dir='ltr' id='par_1_7' title="bbox 747 2262 1406 2314">
     <span class='ocr_line' id='line_1_27' title="bbox 747 2262 1406 2314; baseline 0 -12"><span class='ocrx_word' id='word_1_162' title='bbox 747 2264 759 2287; x_wconf 85' lang='lat'>¹</span> <span class='ocrx_word' id='word_1_163' title='bbox 791 2265 921 2302; x_wconf 81' lang='lat' dir='ltr'>etiam</span> <span class='ocrx_word' id='word_1_164' title='bbox 943 2278 1054 2303; x_wconf 83' lang='lat' dir='ltr'>nuno</span> <span class='ocrx_word' id='word_1_165' title='bbox 1075 2265 1181 2304; x_wconf 77' lang='lat' dir='ltr'>coni.</span> <span class='ocrx_word' id='word_1_166' title='bbox 1206 2262 1406 2314; x_wconf 77' lang='lat' dir='ltr'>Mayhoff.</span> 
     </span>
    </p>
   </div>
   <div class='ocr_carea' id='block_1_7' title="bbox 677 2375 853 2381">
    <p class='ocr_par' dir='ltr' id='par_1_8' title="bbox 677 2375 853 2381">
     <span class='ocr_line' id='line_1_28' title="bbox 677 2375 853 2381; baseline 0 0"><span class='ocrx_word' id='word_1_167' title='bbox 677 2375 853 2381; x_wconf 95' lang='lat' dir='ltr'> </span> 
     </span>
    </p>
   </div>
   <div class='ocr_carea' id='block_1_8' title="bbox 806 2451 1322 2555">
    <p class='ocr_par' dir='ltr' id='par_1_9' title="bbox 806 2451 1322 2555">
     <span class='ocr_line' id='line_1_29' title="bbox 806 2451 1322 2491; baseline -0.004 0"><span class='ocrx_word' id='word_1_168' title='bbox 806 2459 823 2476; x_wconf 81' lang='lat'>‘¹</span> <span class='ocrx_word' id='word_1_169' title='bbox 853 2453 861 2467; x_wconf 90' lang='lat'>‘</span> <span class='ocrx_word' id='word_1_170' title='bbox 883 2452 967 2490; x_wconf 79' lang='lat' dir='ltr'>Son</span> <span class='ocrx_word' id='word_1_171' title='bbox 989 2452 1037 2491; x_wconf 92' lang='lat' dir='ltr'>of</span> <span class='ocrx_word' id='word_1_172' title='bbox 1055 2452 1126 2490; x_wconf 81' lang='lat' dir='ltr'>the</span> <span class='ocrx_word' id='word_1_173' title='bbox 1149 2451 1322 2490; x_wconf 58' lang='lat' dir='ltr'>herald?</span> 
     </span>
     <span class='ocr_line' id='line_1_30' title="bbox 807 2506 997 2555; baseline 0.005 -11"><span class='ocrx_word' id='word_1_174' title='bbox 807 2506 821 2529; x_wconf 63' lang='grc' dir='ltr'>ὸ</span> <span class='ocrx_word' id='word_1_175' title='bbox 852 2506 997 2555; x_wconf 55' lang='lat' dir='ltr'>Eque&amp;</span> 
     </span>
    </p>
   </div>
   <div class='ocr_carea' id='block_1_9' title="bbox 353 2598 405 2635">
    <p class='ocr_par' dir='ltr' id='par_1_10' title="bbox 353 2598 405 2635">
     <span class='ocr_line' id='line_1_31' title="bbox 353 2598 405 2635; baseline 0 0"><span class='ocrx_word' id='word_1_176' title='bbox 353 2598 405 2635; x_wconf 69' lang='lat'>24</span> 
     </span>
    </p>
   </div>
  </div>
 </body>
</html>
