1899 3015
219 984 270 1022 43

559 185 793 234 PLINY:
849 187 1175 234 NATURAL
1222 185 1516 234 HISTORY

302 316 434 378 quod
471 318 621 361 etiam
664 316 879 361 officinas
922 315 1245 361 aedificavere
1287 314 1479 360 fumum
1521 330 1635 360 eum
1677 331 1773 361 non

303 393 610 435 emittentes.
680 388 1074 434 laudatissimum
1099 388 1275 433 eodem
1298 388 1445 434 modo
1468 387 1524 433 fit
1547 403 1573 433 e
1596 388 1770 433 taedis.

303 463 615 508 adulteratur
657 461 929 507 fornacium
973 462 1382 524 balinearumque
1427 460 1633 523 fuligine
1677 477 1774 523 quo

304 536 366 582 ad
411 535 658 582 volumina
700 535 961 581 scribenda
1003 542 1228 581 utuntur.
1297 541 1414 581 sunt
1455 537 1539 597 qui
1583 541 1636 580 et
1676 537 1774 580 vini

303 609 494 655 faecem
550 612 783 654 siccatam
841 615 1123 670 excoquant
1179 608 1563 670 adfirmentque,
1618 611 1657 653 si
1713 624 1774 653 ex

303 684 432 729 bono
469 685 580 728 vino
618 682 731 728 faex
771 682 866 728 ea1
905 681 1072 736 fuerit,
1113 682 1267 728 Indici
1305 684 1522 743 speciem
1559 681 1609 727 id
1646 687 1775 727 atra-

302 763 530 802 mentum
591 757 847 818 praebere.
918 754 1224 818 Polygnotus
1287 762 1339 801 et
1402 754 1588 809 Micon,
1649 754 1774 800 cele·

302 830 502 875 berrimi
533 832 764 891 pictores,
797 828 1009 874 Athenis
1043 845 1069 874 e
1097 831 1309 874 vinaceis
1335 828 1516 883 fecere,
1542 831 1774 892 tryginon

305 903 630 965 appellantes.
700 903 902 965 Apelles
970 909 1281 948 commentus
1350 908 1427 948 est
1497 917 1557 947 ex
1628 902 1775 948 ebore

303 978 562 1022 combusto
600 976 780 1030 facere,
819 976 951 1038 quod
990 975 1367 1038 elephantinum
1405 982 1622 1021 vocatur.
1692 975 1776 1022 ad-

304 1057 532 1112 portatur
574 1057 625 1095 et
671 1050 895 1095 Indicum
939 1066 1000 1095 ex
1046 1050 1188 1095 India
1230 1048 1573 1110 inexploratae
1616 1048 1777 1095 adhuc

303 1126 599 1169 inventionis
633 1123 766 1168 mihi.
838 1123 893 1169 fit
926 1126 1078 1169 etiam
1111 1130 1234 1184 aput
1265 1122 1530 1168 infectores
1565 1138 1624 1167 ex
1658 1122 1776 1168 flore

305 1200 461 1259 nigro,
492 1201 574 1259 qui
606 1197 917 1243 adhaerescit
948 1200 1103 1242 aereis
1133 1199 1348 1242 cortinis.
1419 1196 1474 1241 fit
1505 1202 1557 1241 et
1585 1195 1719 1258 ligno
1750 1212 1776 1241 e

305 1271 464 1316 taedis
510 1272 769 1316 combusto
814 1274 1045 1332 tritisque
1091 1273 1140 1315 in
1185 1272 1420 1316 mortario
1465 1270 1774 1315 carbonibus.

306 1347 427 1389 mira
466 1347 515 1389 in
555 1344 646 1390 hoc
685 1347 965 1405 saepiarum
1005 1351 1200 1398 natura,
1241 1344 1328 1389 sed
1369 1359 1430 1388 ex
1470 1346 1526 1388 iis
1567 1359 1664 1388 non
1705 1343 1774 1389 fit.

304 1434 450 1463 omne
490 1425 659 1463 autem
700 1424 1036 1463 atramentum
1077 1417 1178 1463 sole
1217 1417 1486 1479 perficitur,
1525 1416 1776 1462 librarium

304 1492 540 1545 cumme,2
587 1495 854 1537 tectorium
903 1491 1096 1553 glutino
1145 1491 1384 1537 admixto.
1454 1490 1585 1553 quod
1635 1497 1777 1535 aceto

305 1564 629 1626 liquefactum
661 1572 754 1619 est,
785 1581 934 1627 aegre
967 1565 1162 1610 eluitur.

369 1639 551 1684 XXVI.
589 1639 631 1684 E
668 1638 867 1700 reliquis
905 1638 1164 1692 coloribus,
1202 1654 1324 1700 quos
1362 1653 1390 1682 a
1426 1637 1635 1683 dominis
1672 1637 1775 1682 dari

305 1711 518 1758 diximus
558 1719 763 1774 propter
803 1712 1201 1774 magnitudinem
1242 1713 1406 1773 pretii,
1448 1717 1565 1756 ante
1606 1727 1777 1757 omnes

306 1792 381 1831 est
435 1789 789 1847 purpurissum.
858 1792 996 1831 creta
1049 1787 1332 1848 argentaria
1384 1801 1496 1830 cum
1549 1787 1776 1846 purpuris

305 1862 490 1921 pariter
545 1862 792 1922 tinguitur
846 1860 1074 1921 bibitque
1131 1875 1245 1904 eum
1301 1857 1514 1904 colorem
1570 1857 1776 1903 celerius

307 1932 442 1978 lanis.
512 1935 831 1994 praecipuum
897 1940 971 1978 est
1034 1935 1265 1994 primum,
1327 1930 1553 1977 fervente
1616 1929 1776 1976 aheno

372 2046 385 2068 ¹
415 2048 511 2085 faex
529 2059 578 2085 ea
595 2020 813 2097 ‘Mayhoff2
851 2046 966 2085 facta
985 2046 1022 2084 B
1040 2061 1048 2084 ε
1085 2045 1182 2084 faex
1201 2045 1284 2084 rell.
1305 2045 1392 2095 (fex
1410 2044 1469 2083 cd.
1490 2044 1603 2083 Leid.
1631 2044 1774 2092 Voss).

368 2100 384 2124 ²
414 2112 580 2138 cumme
599 2100 721 2150 Silliq
740 2115 747 2138 :
785 2100 948 2150 gummi
968 2099 1088 2138 Galen
1108 2115 1115 2138 :
1154 2111 1319 2138 comme
1337 2097 1423 2137 cdd.
1446 2100 1531 2147 (me
1550 2097 1606 2136 Β1
1626 2102 1669 2136 et
1688 2098 1774 2147 B2).

361 2239 379 2258 ⁰
410 2234 624 2284 Probably
647 2234 719 2272 the
741 2234 825 2273 real
847 2234 990 2284 indigo
1013 2234 1048 2283 (ξ
1067 2233 1139 2282 46)
1161 2234 1194 2272 is
1216 2237 1361 2271 meant
1382 2232 1491 2271 here.

362 2287 377 2311 ὁ
406 2287 530 2326 Some
553 2287 767 2326 unknown
790 2288 946 2326 carbon
969 2288 1172 2338 pigment,
1197 2291 1274 2325 not
1295 2286 1368 2325 the
1389 2286 1531 2337 indigo
1553 2285 1600 2324 of
1617 2285 1637 2335 ξ
1654 2286 1719 2323 46.

360 2347 374 2366 ⁰
404 2341 486 2380 Or:
532 2341 540 2356 ‘
561 2341 646 2379 this
670 2341 798 2379 latter
823 2341 989 2391 variety
1014 2342 1048 2379 is
1073 2340 1354 2391 wonderfully
1378 2339 1461 2378 like
1486 2339 1558 2377 the
1583 2339 1774 2390 pigment

304 2394 361 2457 of?
376 2394 449 2432 the
479 2394 726 2455 cuttle-fish,
760 2395 837 2433 but
868 2395 901 2432 is
932 2407 1059 2433 never
1089 2393 1213 2432 made
1243 2393 1352 2432 from
1383 2392 1500 2431 these
1531 2396 1743 2431 creatures
1763 2392 1771 2407 ’

304 2447 377 2523 (Ra.
401 2447 811 2552 {bffszififfiyglbowder
833 2500 882 2539 of
899 2513 1002 2552 pure
1024 2499 1189 2551 ground
1214 2498 1343 2538 white
1363 2498 1498 2538 earth.

304 2591 388 2636 292
