1899 3015
237 574 291 612 60

243 1455 288 1494 61

577 197 813 244 PLINY:
868 194 1196 242 NATURAL
1241 192 1536 241 HISTORY

321 325 535 388 hospitia
563 329 606 370 ei
634 327 856 388 gratuita
883 324 1162 369 decrevere.
1235 321 1348 367 Fuit
1376 328 1427 366 et
1455 320 1576 366 alius
1607 319 1792 374 Micon,

321 410 403 468 qui
471 408 668 451 minoris
733 405 1026 466 cognomine
1091 402 1429 463 distinguitur,
1494 402 1630 446 cuius
1696 399 1792 444 filia

320 486 572 532 Timarete
607 491 660 531 et
692 487 797 546 ipsa
831 486 1006 545 pinxit.

387 565 618 611 XXXVI.
656 579 806 610 Lxxxx
827 570 997 609 autem
1018 561 1301 625 olympiade
1322 560 1461 606 fuere
1482 559 1793 623 Aglaophon,

323 645 704 707 Cephisodorus,
753 643 968 697 Erillus,1
1019 643 1233 696 Euenor,
1284 647 1427 703 pater
1463 638 1705 685 Parrhasii
1742 647 1795 686 et

323 732 618 788 praeceptor
659 727 860 770 maximi
903 725 1120 785 pictoris,
1161 721 1224 767 de
1266 737 1364 782 quo
1405 722 1502 766 suis
1545 722 1683 765 annis
1724 719 1795 766 di-

324 822 509 859 cemus,
548 821 718 850 omnes
759 807 855 849 iam
896 803 1144 856 inlustres,
1185 818 1280 847 non
1320 808 1491 846 tamen
1529 802 1579 845 in
1618 800 1795 862 quibus

324 885 530 931 haerere
567 887 810 946 expositio
846 883 1031 929 debeat
1067 881 1306 927 festinans
1343 880 1404 927 ad
1439 880 1625 926 lumina
1660 882 1795 934 artis,

325 969 373 1011 in
419 966 596 1027 quibus
640 967 824 1026 primus
869 963 1060 1009 refulsit
1106 961 1433 1023 Apollodorus
1476 958 1795 1006 Atheniensis

327 1061 539 1091 Lxxxxm
579 1044 876 1108 olympiade.
946 1042 1024 1089 hic
1065 1045 1249 1104 primus
1290 1043 1477 1103 species
1519 1043 1796 1102 exprimere

327 1129 544 1172 instituit
583 1128 870 1187 primusque
910 1123 1116 1186 gloriam
1158 1121 1385 1184 penicillo
1424 1123 1530 1166 iure
1569 1119 1793 1166 contulit.

327 1209 431 1252 eius
464 1213 540 1252 est
571 1205 797 1251 sacerdos
831 1204 1039 1250 adorans
1073 1209 1123 1248 et
1156 1203 1284 1247 Aiax
1316 1200 1521 1247 fulmine
1554 1203 1796 1254 incensus,

327 1303 454 1348 quae
502 1284 729 1348 Pergami
777 1291 1034 1346 spectatur
1079 1282 1240 1328 hodie.
1309 1297 1473 1342 neque
1519 1287 1637 1326 ante
1683 1296 1795 1326 eum

326 1366 498 1413 tabula
534 1366 676 1412 ullius
713 1365 1010 1416 ostenditur,
1048 1379 1176 1425 quae
1213 1368 1388 1408 teneat
1424 1360 1603 1407 oculos.

390 1448 468 1492 Ab
518 1446 608 1491 hoc
656 1449 774 1491 artis
823 1445 951 1491 fores
1001 1450 1199 1505 apertas
1248 1442 1426 1487 Zeuxis
1476 1440 1798 1487 Heracleotes

327 1529 529 1572 intravit
548 1526 841 1589 olympiadis
861 1540 1043 1570 Lxxxxv
1063 1540 1191 1569 anno
1212 1529 1406 1585 quarto,
1426 1521 1798 1582 audentemque

328 1611 424 1653 iam
449 1606 633 1668 aliquid
655 1604 1068 1668 penicillum—de
1091 1603 1182 1649 hoc
1205 1605 1337 1648 enim
1359 1601 1520 1647 adhuc
1541 1601 1800 1663 loquamur

329 1688 454 1733 —ad
488 1703 722 1749 magnam
757 1686 963 1747 gloriam
998 1684 1250 1746 perduxit,
1285 1699 1313 1727 a
1347 1681 1642 1744 quibusdam
1677 1680 1799 1726 falso

330 1771 378 1813 in
411 1782 642 1812 Lxxxvim
678 1765 960 1828 olympiade
994 1767 1200 1826 positus,
1233 1780 1344 1808 cum
1377 1762 1527 1807 fuisse
1548 1761 1566 1790 2
1598 1777 1799 1806 necesse

330 1855 405 1893 est
456 1846 810 1908 Demophilum
862 1845 1184 1890 Himeraeum
1236 1850 1287 1888 et
1337 1842 1499 1887 Nesea
1547 1840 1799 1895 Thasium,

330 1930 563 1990 quoniam
605 1929 761 1972 utrius
805 1942 974 1971 eorum
1016 1923 1282 1985 discipulus
1323 1922 1474 1968 fuerit
1515 1922 1797 1983 ambigitur.

330 2011 378 2053 in
429 2024 541 2052 eum
592 2006 920 2068 Apollodorus
968 2020 1116 2066 supra
1164 2005 1373 2064 scriptus
1422 2017 1615 2047 versum
1666 2000 1800 2055 fecit,

331 2095 490 2133 artem
545 2090 660 2148 ipsis
716 2085 933 2131 ablatam
989 2085 1193 2129 Zeuxim
1249 2082 1377 2127 ferre
1431 2098 1613 2127 secum.
1682 2097 1800 2142 opes

331 2183 528 2230 quoque
557 2174 723 2212 tantas
753 2166 1034 2227 adquisivit,
1064 2171 1119 2210 ut
1146 2167 1195 2208 in
1223 2165 1560 2209 ostentatione
1583 2161 1601 2190 3
1632 2177 1800 2206 earum

399 2274 410 2296 ¹
443 2273 598 2311 Erillus
613 2274 668 2311 B:
706 2273 839 2310 frilius
857 2272 938 2310 rell.
957 2271 1110 2319 (frillus
1125 2269 1184 2308 ccl.
1202 2270 1300 2308 Par.
1320 2270 1406 2307 Lat.
1423 2270 1568 2317 6797):
1606 2267 1802 2318 Phryllus

342 2329 500 2366 Brotier
519 2343 526 2365 :
571 2326 752 2376 Phrylus
775 2325 860 2363 edd.
890 2330 979 2363 vett.
999 2340 1007 2363 ε
1050 2323 1237 2362 Herillus
1259 2324 1364 2362 coni.
1389 2322 1525 2372 Silliq.

395 2382 410 2404 2
440 2393 533 2418 cum
563 2393 645 2429 quo
672 2380 699 2417 f.
733 2378 922 2418 Urlichs:
967 2378 1175 2417 consuisse
1202 2376 1374 2416 Traube.

395 2434 410 2457 ³
441 2434 773 2472 ostentationem
796 2434 966 2471 Gronov.

410 2550 427 2566 ‘²
457 2545 663 2583 Inventor
684 2544 731 2582 of
746 2542 938 2593 shading,
959 2541 1044 2581 and
1066 2540 1278 2580 therefore
1299 2539 1431 2578 called
1452 2537 1713 2589 σκιαγράφος.

332 2618 418 2674 306
