1899 3015
586 219 829 264 PLINY:
888 220 1214 266 NATURAL
1258 220 1548 267 HISTORY

334 361 446 390 vero
478 345 712 400 maculas,
745 362 874 407 quae
906 363 1003 393 non
1037 354 1203 393 essent
1235 350 1284 392 in
1315 351 1508 403 crustis,
1540 348 1800 394 inserendo

333 415 576 457 unitatem
627 415 832 467 variare,
882 420 937 459 ut
985 421 1159 459 ovatus
1209 421 1341 460 esset
1390 415 1697 469 Numidicus,
1746 422 1799 461 ut

332 495 546 539 purpura
602 479 996 541 distingueretur
1051 480 1374 543 Synnadicus,
1430 481 1644 542 qualiter
1697 481 1800 527 illos

331 548 461 590 nasci
514 552 773 606 optassent
825 546 1045 591 deliciae.
1115 550 1358 593 montium
1410 547 1532 593 haec
1583 548 1798 594 subsidia

330 611 685 666 deficientium,
722 628 812 657 nec
849 620 1008 658 cessat
1045 613 1237 659 luxuria
1272 614 1322 660 id
1358 630 1524 676 agere,
1561 622 1618 660 ut
1652 631 1797 676 quam

330 678 594 739 plurimum
619 680 855 725 incendiis
880 680 1073 740 perdat.

286 754 310 789 4
399 744 462 789 II.
503 744 783 807 Imaginum
806 746 1008 807 quidem
1030 749 1240 808 pictura,
1263 763 1361 808 qua
1383 749 1598 791 maxime
1620 746 1800 792 similes

331 814 378 855 in
411 827 587 857 aevum
618 814 1026 874 propagabantur
1057 813 1262 874 figurae,
1293 816 1342 858 in
1373 820 1537 859 totum
1569 813 1798 859 exolevit.

331 881 461 923 aerei
483 886 736 939 ponuntur
755 879 898 940 clipei
921 886 1161 942 argentea
1181 878 1344 934 facie,1
1365 880 1512 925 surdo
1535 879 1798 941 figurarum

330 945 637 999 discrimine3
687 953 967 991 statuarum
998 949 1163 1008 capita
1194 953 1562 1008 permutantur,
1594 946 1800 1009 volgatis

330 1014 427 1056 iam
447 1012 639 1073 pridem
660 1013 842 1058 salibus
865 1016 1015 1058 etiam
1038 1016 1325 1058 carminum.
1395 1013 1520 1059 adeo
1540 1015 1798 1058 materiam

327 1081 538 1139 conspici
570 1078 763 1125 malunt
793 1096 963 1125 omnes
995 1096 1144 1141 quam
1175 1096 1227 1125 se
1259 1082 1408 1134 nosci,
1440 1086 1493 1125 et
1522 1081 1652 1125 inter
1681 1079 1802 1127 haec

329 1145 677 1205 pinacothecas
708 1148 960 1192 veteribus
990 1146 1172 1192 tabulis
1202 1153 1447 1192 consuunt
1467 1146 1485 1175 2
1515 1145 1800 1208 alienasque

329 1212 514 1273 effigies
567 1212 751 1266 colunt,
805 1216 895 1274 ipsi
947 1213 1183 1259 honorem
1237 1230 1334 1258 non
1387 1215 1475 1258 nisi
1535 1216 1585 1258 in
1643 1215 1802 1275 pretio

284 1288 308 1322 5
332 1278 590 1333 ducentes,
608 1286 664 1324 ut
680 1278 880 1341 frangat
896 1279 1039 1325 heres
1058 1279 1293 1357 forasque
1303 1279 1322 1308 3
1337 1278 1570 1326 detrahat
1585 1278 1778 1341 laqueo.
1783 1281 1802 1309 4

330 1347 500 1406 itaque
527 1345 705 1391 nullius
733 1347 894 1407 effigie
920 1349 997 1392 viv
1002 1354 1119 1392 ente
1145 1349 1386 1407 imagines
1419 1348 1678 1408 pecuniae,
1704 1363 1799 1392 non

329 1428 440 1456 suas
449 1412 777 1474 ,relinquunt.
819 1414 968 1458 iidem
987 1413 1288 1474 palaestrae5
1311 1412 1642 1458 athletarum
1630 1429 1780 1475 imagi

333 1479 474 1523 nibus
502 1485 554 1524 et
579 1486 832 1525 ceromata
869 1496 958 1525 sua
991 1487 1253 1534 exornant,
1287 1480 1486 1541 Epicuri
1520 1479 1681 1525 voltus
1715 1496 1803 1541 per

331 1545 555 1590 cubicula
581 1553 785 1608 gestant
811 1563 866 1592 ac
887 1546 1240 1593 circumferunt
1265 1563 1448 1592 secum.
1518 1546 1670 1592 natali
1699 1550 1802 1593 eius

330 1612 623 1667 sacrificant,
672 1613 919 1675 feriasque
967 1617 1097 1660 omni
1148 1630 1319 1659 mense
1367 1615 1600 1659 vicesima
1647 1613 1764 1659 luna
1783 1614 1801 1642 ⁶

392 1708 406 1731 1
436 1713 635 1758 argentea
658 1709 764 1748 facie
787 1710 983 1760 Mayhoff
996 1726 1004 1748 :
1046 1716 1270 1761 argenteae
1293 1709 1433 1748 facies.

391 1762 406 1785 ²
437 1762 700 1801 conferciunt
749 1763 916 1813 quidam
961 1763 1074 1813 apud
1120 1764 1372 1812 Dalecamp:
1435 1762 1652 1814 complent
1695 1765 1798 1801 com.

337 1814 635 1927 {Iglyglsg'sque
654 1869 714 1908 cd.
737 1869 835 1909 Par.
858 1871 959 1908 6801
978 1886 985 1908 :
1017 1869 1207 1919 furisque
1230 1869 1337 1907 reII.:
1370 1869 1553 1919 forisque
1573 1868 1797 1919 Detlefieen:

342 1922 494 1961 lurisve
518 1923 622 1961 coni.
648 1923 820 1961 Brotier.

392 1975 408 1998 ⁴
435 1975 588 2025 laqueo
611 1976 814 2027 Detlessen
834 1992 841 2014 :
882 1976 1044 2025 laqueis
1072 1975 1234 2014 Urlichs
1253 1991 1260 2014 ε
1302 1975 1453 2025 laques]
1476 1980 1548 2013 aut
1568 1974 1754 2025 laquefis.

394 2028 408 2051 ⁵
438 2029 675 2079 palaestrae
698 2031 803 2069 coni.
830 2029 1024 2079 Mayhoff
1039 2045 1046 2068 :
1090 2029 1336 2080 palaestras.

394 2083 409 2104 ⁶
440 2083 640 2121 vicesima
669 2083 770 2122 luna
800 2083 864 2122 hic
897 2083 1112 2133 Mayhoff:
1163 2089 1253 2132 post
1283 2081 1532 2120 custodiunt,
1562 2081 1644 2120 Ian
1713 2089 1802 2130 post

336 2135 424 2174 eius
450 2136 535 2174 cdd.

387 2249 404 2266 ‘¹
435 2243 493 2283 Os
509 2243 710 2294 Synnada
732 2245 774 2282 in
795 2244 979 2295 Phrygia
999 2244 1042 2282 in
1062 2243 1162 2282 Asia
1183 2243 1333 2282 Minor.

389 2297 403 2321 ¹²
433 2297 487 2335 So
514 2297 610 2336 that
640 2298 769 2336 heads
797 2311 901 2336 were
927 2301 1006 2349 put
1032 2310 1086 2335 on
1113 2296 1258 2335 bodies
1284 2295 1420 2336 which
1445 2295 1518 2334 did
1544 2299 1622 2334 not
1648 2295 1800 2346 belong

333 2351 657 2449 ῖοθωὲῗίἒυιαία,
681 2403 816 2443 Greek
837 2404 903 2442 for
924 2417 1017 2442 wax
1039 2403 1273 2442 ointments
1296 2402 1397 2441 used
1421 2402 1478 2453 by
1498 2401 1694 2448 athletes,
1717 2401 1801 2440 and

331 2457 420 2495 also
447 2457 650 2508 denoting
679 2457 751 2496 the
778 2470 920 2496 rooms
947 2457 1082 2496 where
1110 2456 1228 2496 these
1255 2469 1361 2495 were
1387 2454 1559 2507 applied
1587 2455 1730 2494 before
1756 2467 1802 2493 or

333 2511 441 2548 after
462 2524 486 2549 a
509 2511 667 2549 match.

380 2561 399 2587 ‘¹
429 2563 562 2603 Greek
583 2562 707 2610 εἰκάς,
730 2563 833 2604 20th
853 2563 952 2615 day.

335 2628 417 2673 262
