1873 3020
556 229 762 276 PLINY
781 247 791 276 ε
846 228 1174 275 NATURAL
1220 228 1514 275 HISTORY

306 359 551 422 qualitate
574 361 866 419 excipientis
889 357 1077 419 figurae
1098 364 1367 418 torquente
1387 359 1645 402 venientes
1666 373 1766 401 um-

202 435 275 473 130
305 428 447 479 bras3
491 442 653 487 neque
681 427 811 470 enim
841 431 916 469 est
942 423 1074 469 aliud
1101 423 1183 468 illa
1209 427 1374 484 imago
1400 439 1549 485 quarn
1575 423 1769 485 digesta

305 494 534 540 claritate
590 494 830 537 materiae
885 493 1172 551 accipientis
1228 489 1442 535 umbra.1
1506 497 1659 551 atque
1715 497 1771 535 ut

306 563 471 606 omnia
489 559 551 605 de
571 558 780 620 speculis
799 564 1106 619 peragantur
1123 560 1173 602 in
1191 555 1283 602 hoc
1302 556 1424 611 loco,
1442 559 1631 618 optima
1649 564 1772 618 aput

305 629 515 672 maiores
550 624 751 670 fuerant
786 624 1098 678 Brundisina,
1132 630 1312 685 stagno
1349 630 1401 668 et
1436 639 1550 669 aere
1586 626 1769 668 mixtis.

305 693 530 755 praelata
550 698 665 737 sunt
685 698 925 754 argentea
944 705 955 744 3
991 693 1176 752 primus
1196 689 1315 735 fecit
1335 689 1574 735 Pasiteles
1596 689 1771 752 Magni

307 760 511 820 Pompei
567 764 754 803 aetate.
823 773 981 818 nuper
1034 756 1166 802 credi
1221 763 1455 817 coeptum
1509 759 1771 802 certiorem

306 829 575 887 imaginem
603 824 744 870 reddi
771 840 891 869 auro
919 826 1147 884 opposito
1174 823 1351 868 vitris.2

199 900 268 938 131
368 892 547 937 XLVI.
584 892 789 953 Tinguit
829 891 1093 952 Aegyptus
1135 896 1418 952 argentum,
1453 895 1510 934 ut
1555 892 1605 934 in
1646 892 1771 934 vasis

307 960 527 1005 Anubim
552 975 696 1004 suum
722 964 936 1019 spectet,
961 959 1243 1019 pingitque,
1268 973 1367 1002 non
1391 955 1573 1011 caelat,
1598 972 1774 1018 argen-

306 1033 431 1072 tum.
499 1025 631 1070 unde
689 1027 889 1070 transiit
944 1026 1156 1069 materia
1216 1030 1269 1068 et
1327 1022 1390 1068 ad
1448 1022 1773 1084 triumphales

307 1100 530 1146 statuas3
583 1095 881 1153 mirumque,
909 1093 1086 1136 crescit
1116 1093 1332 1151 pretium
1361 1089 1564 1152 fulgoris
1598 1105 1772 1135 excae-

307 1163 423 1205 cati.
490 1159 539 1204 id
580 1165 751 1204 autem
794 1157 850 1203 fit
889 1156 981 1203 hoc
1022 1156 1197 1210 modo;
1254 1159 1526 1202 miscentur
1564 1163 1773 1218 argento

307 1229 490 1272 tertiae
541 1228 666 1270 aeris
719 1224 887 1287 Cyprii
937 1226 1232 1278 tenuissimi,
1283 1223 1415 1285 quod
1466 1226 1771 1268 coronarium

307 1299 505 1347 vocant,
531 1299 584 1337 et
607 1291 817 1352 sulpuris
843 1293 939 1336 vivi
964 1297 1207 1353 quantum
1232 1293 1456 1352 argenti;
1497 1289 1774 1335 conflantur

307 1363 381 1405 ita
428 1363 476 1404 in
524 1358 658 1404 fictili
706 1357 981 1403 circumlito
1027 1357 1227 1419 argilla3
1291 1357 1465 1402 modus
1511 1356 1773 1418 coquendi,

307 1427 466 1472 donec
506 1442 558 1470 se
600 1428 706 1486 ipsa
747 1424 979 1486 opercula
1018 1427 1261 1485 aperiant.
1328 1426 1563 1485 nigrescit
1604 1430 1656 1468 et
1697 1427 1771 1469 ovi

307 1493 526 1538 indurati
554 1492 708 1545 luteo,
736 1499 793 1537 ut
819 1498 991 1537 tamen
1019 1497 1162 1536 aceto
1191 1497 1243 1536 et
1269 1497 1407 1536 creta
1434 1490 1708 1536 deteratur.

202 1565 275 1605 132
374 1559 578 1604 Miscuit
599 1559 803 1604 denario
824 1561 1050 1603 triumvir
1070 1558 1317 1603 Antonius
1339 1556 1542 1611 ferrum,
1564 1560 1774 1602 miscent

308 1643 425 1671 aera
453 1625 608 1671 falsae
639 1624 913 1679 monetae,3
943 1625 1022 1669 alii
1058 1631 1109 1670 et
1129 1624 1149 1652 4
1182 1624 1389 1685 ponderi
1408 1624 1427 1652 5
1457 1623 1774 1677 subtrahunt,

307 1709 420 1739 curn
454 1696 519 1738 sit
552 1695 738 1738 iustum
773 1707 978 1736 Lxxxnn
1014 1708 1041 1737 e
1075 1691 1209 1736 libris
1244 1693 1443 1753 signari.
1510 1693 1662 1753 igitur
1697 1707 1772 1735 ars

365 1788 379 1811 ¹
410 1789 561 1828 umbra
580 1788 692 1828 Ian:
732 1789 943 1827 umbram.

360 1843 375 1866 ²
407 1843 527 1881 vitris
550 1843 604 1881 K.
621 1843 667 1881 C.
682 1843 849 1892 Bailey:
884 1842 1004 1881 vitris
1026 1842 1184 1880 aversis
1204 1842 1309 1881 coni.
1325 1840 1493 1890 D'Arcy
1510 1840 1769 1890 Thompson:

310 1909 480 1935 averffls.

362 1951 377 1973 ³
416 1950 491 1990 VJ.
516 1949 622 1987 falsa
644 1953 830 1987 moneta.

361 2003 377 2026 ⁴
406 2003 477 2041 alii
504 2008 547 2041 et
575 2002 786 2053 Mayhoff:
823 2002 896 2040 alii
921 2015 944 2041 e
970 2001 1029 2041 cd.
1060 2002 1159 2040 Par.
1191 2002 1322 2040 6801:
1359 2001 1443 2040 alia
1469 2006 1540 2040 aut
1565 2001 1674 2039 aliae
1703 2007 1772 2040 ant

310 2056 381 2094 alii
408 2060 502 2106 (om.
529 2058 590 2104 et)
616 2056 700 2094 rell.

362 2110 378 2133 ⁵
409 2109 583 2160 ponderi
629 2108 818 2148 Urlichs:
866 2108 1052 2159 pondere
1090 2114 1161 2148 aut
1203 2108 1417 2160 ponderae
1455 2113 1526 2147 aut
1569 2107 1770 2159 pondera.

306 2163 378 2201 alii
403 2164 454 2202 de
478 2163 663 2214 pondere
686 2162 793 2201 coni.
819 2162 1023 2213 Mayhoff.

359 2276 377 2293 ⁰
406 2270 467 2308 Cf.
489 2271 507 2319 ἓ
527 2271 578 2308 94
596 2269 681 2307 and
700 2274 813 2307 note.

362 2323 377 2347 b
407 2325 522 2362 vitris
544 2323 578 2361 is
602 2322 658 2361 K.
683 2322 726 2361 C.
753 2322 937 2372 Bailey's
960 2323 1213 2373 conjecture.
1283 2321 1371 2360 The
1395 2325 1590 2361 sentence
1615 2327 1772 2360 cannot

303 2377 409 2416 refer
428 2382 475 2415 to
493 2377 613 2415 silver
633 2376 818 2415 mirrors.
874 2376 1045 2414 Roman
1069 2375 1180 2426 glass
1208 2375 1391 2421 mirrors,
1414 2375 1576 2414 backed
1603 2375 1772 2425 usually

303 2430 405 2469 with
424 2429 660 2521 lle-laidsrhave
680 2430 783 2468 been
802 2428 949 2476 found,
972 2430 1049 2467 but
1068 2442 1180 2468 seem
1198 2434 1244 2467 to
1266 2428 1415 2479 belong
1433 2433 1479 2467 to
1498 2442 1523 2467 a,
1541 2428 1648 2466 later
1667 2429 1770 2467 time

303 2485 498 2628 thanffhis
521 2497 603 2574 &vas
624 2535 849 2587 employed
878 2541 924 2574 to
946 2535 1069 2574 make
1090 2535 1304 2573 imitation
1323 2535 1420 2586 gold
1439 2548 1598 2573 crowns
1618 2534 1682 2573 for
1698 2547 1770 2573 use

303 2603 357 2629 on
378 2596 395 2628 t
428 2604 449 2629 e
468 2595 600 2640 stage.

297 2648 354 2705 98
