1899 3015
552 207 792 253 PLINY:
852 207 1177 253 NATURAL
1221 206 1511 252 HISTORY

302 343 471 381 menta
494 335 601 381 oleo
624 337 864 396 restingui
886 351 990 379 mos
1015 341 1107 387 est,
1131 350 1192 378 ne
1216 350 1345 395 aqua
1367 338 1414 378 in
1438 333 1760 396 fragilitatem

301 402 578 448 durentur.l
644 405 939 462 mirumque,
965 417 1076 446 cum
1104 407 1409 462 excoquatur
1435 416 1575 454 vena,
1604 416 1763 462 aquae

301 469 447 515 modo
497 469 669 530 liquari
719 467 922 521 ferrum,
975 473 1148 528 postea
1198 469 1246 511 in
1296 483 1538 529 spongeas
1589 466 1764 530 frangi.

303 553 330 580 a
375 535 502 581 ferro
547 537 744 596 sanguis
788 533 1031 579 humanus
1076 549 1128 578 se
1174 533 1435 586 ulciscitur,
1480 541 1765 579 contactum

303 617 516 663 namque
543 618 600 647 eo
625 601 830 647 celerius
855 601 1128 662 robiginem
1154 599 1320 645 trahit.

195 675 267 713 147
365 668 524 714 XLII.
564 669 641 714 De
704 674 940 729 magnete
1004 666 1166 728 lapide
1229 683 1317 712 suo
1381 665 1484 712 loco
1547 666 1768 712 dicemus

302 735 675 795 concordiaque,
725 750 873 795 quam
921 750 1033 779 cum
1082 732 1210 778 ferro
1259 732 1426 778 habet.
1495 733 1598 778 sola
1645 732 1769 778 haec

301 805 510 847 materia
537 805 664 846 virus
685 800 703 829 2
730 801 792 846 ab
821 816 878 846 eo
906 799 1068 861 lapide
1096 802 1273 861 accipit
1299 802 1584 861 retinetque
1623 799 1769 862 longo

302 876 543 930 tempore,
583 867 716 913 aliud
754 865 1131 928 adprehendens
1171 865 1373 920 ferrum,
1413 873 1468 911 ut
1506 865 1763 912 anulorum

301 942 478 980 catena
505 941 759 996 spectetur
785 933 1052 979 interdum.
1122 933 1253 994 quod
1281 932 1451 994 volgus
1478 935 1764 994 imperitum

303 1001 520 1063 appellat
564 1000 746 1046 ferrum
791 1003 970 1054 vivum,
1015 999 1315 1061 vulneraque
1358 998 1477 1044 talia
1519 1002 1764 1060 asperiora

192 1074 266 1112 148
301 1069 436 1113 fiunt.
509 1067 585 1112 hic
631 1068 750 1128 lapis
796 1074 846 1112 et
890 1069 938 1111 in
982 1066 1249 1112 Cantabria
1293 1068 1524 1119 nascitur,
1570 1083 1666 1111 non
1711 1073 1766 1111 ut

305 1135 383 1180 ille
417 1151 622 1196 magnes
655 1150 797 1179 verus
830 1140 977 1178 caute
1010 1136 1259 1187 continua,
1292 1133 1380 1178 sed
1413 1149 1581 1194 sparsa
1613 1132 1764 1178 bulla-

302 1204 436 1247 tione
457 1201 611 1246 3—ita
655 1199 1154 1262 appellant‚-nescio
1198 1215 1261 1244 an
1303 1198 1469 1245 vitro4
1514 1198 1767 1245 fundendo

302 1268 507 1330 perinde
533 1267 682 1321 utilis,
708 1267 927 1313 nondum
955 1269 1085 1312 enim
1113 1273 1347 1327 expertus
1374 1272 1450 1311 est
1476 1269 1764 1328 quisquam3

303 1334 487 1380 ferrum
536 1337 708 1396 utique
756 1333 910 1378 inficit
952 1333 1128 1378 eadem
1177 1335 1236 1377 vi.
1312 1332 1554 1394 Magnete
1603 1332 1765 1394 lapide

304 1400 601 1447 architectus
641 1399 955 1446 Timochares
995 1399 1328 1445 Alexandriae
1369 1401 1601 1445 Arsinoes
1641 1406 1767 1445 tem-

303 1468 440 1530 plum
469 1483 812 1513 concamarare
842 1465 1174 1520 incohaverat,
1203 1473 1259 1511 ut
1287 1469 1336 1510 in
1367 1482 1424 1511 eo
1452 1465 1765 1512 simulacrum

304 1551 330 1580 e
358 1534 487 1580 ferro
514 1534 732 1596 pendere
760 1537 809 1578 in
837 1539 950 1579 aere
979 1533 1243 1578 videretur.
1311 1535 1591 1578 intercessit
1618 1535 1767 1594 ipsius

303 1618 431 1646 mors
465 1608 515 1646 et
549 1599 822 1646 Ptolemaei
854 1602 1000 1662 regis,
1033 1602 1116 1662 qui
1147 1599 1196 1645 id
1228 1602 1377 1644 sorori
1409 1615 1527 1645 suae
1559 1602 1769 1645 iusserat

197 1672 270 1711 149
305 1668 422 1713 fieri.
492 1667 680 1713 XLIII.
720 1666 1040 1712 Metallorum
1066 1669 1285 1712 omnium
1311 1681 1436 1711 vena
1461 1665 1575 1711 ferri
1602 1666 1767 1729 largis-

304 1737 425 1779 sima
460 1741 549 1779 est.
619 1734 917 1780 Cantabriae
950 1736 1198 1778 maritima
1231 1739 1391 1794 parte,
1426 1748 1524 1794 qua
1557 1748 1769 1778 oceanus

304 1801 477 1855 adluit,
514 1817 652 1846 mons
690 1799 1292 1878 praealtus—incredibile
1330 1799 1669 1845 dictu—totus
1707 1815 1767 1845 ex

305 1884 364 1913 ea
387 1870 597 1912 materia
623 1874 715 1921 est,
741 1874 797 1913 ut
821 1870 870 1912 in
896 1867 1086 1912 ambitu
1111 1869 1281 1912 oceani
1306 1865 1534 1912 diximus.

370 2008 381 2029 ¹
411 2008 601 2046 tenuiora
635 2038 642 2045 .
677 2037 684 2045 .
718 2037 725 2045 .
757 2006 963 2045 durentur
983 2012 1076 2056 post
1099 2006 1209 2045 acies
1231 2005 1376 2057 transf.
1403 2005 1639 2045 Rackha‘m:
1678 2012 1772 2056 post

311 2060 445 2111 frangi
467 2061 609 2100 habent
629 2060 714 2099 cdd.

365 2115 378 2136 ²
420 2115 490 2153 Ill.
516 2115 623 2152 vires
645 2114 750 2163 (vim
771 2112 875 2151 [sid.
900 2112 1019 2151 XVI.
1042 2114 1106 2151 21.
1128 2114 1186 2161 4).

363 2168 377 2189 ³
409 2168 654 2206 bulbatione
680 2167 743 2205 B:
788 2166 1020 2205 bullatione
1045 2166 1127 2204 rell.

363 2223 378 2244 ⁴²
410 2222 519 2259 vitro
540 2221 784 2259 Hermolaus
805 2221 1013 2258 Barbarus
1032 2235 1039 2257 :
1081 2219 1204 2257 ultro.

355 2374 372 2392 ‘¹
402 2369 459 2407 As
482 2369 572 2407 well
591 2382 638 2407 as
658 2369 701 2407 in
722 2368 949 2419 Magnesia.

358 2422 372 2446 ⁶
403 2423 510 2460 wife
543 2422 591 2461 of
620 2421 816 2472 Ptolemy
846 2422 904 2467 II,
937 2420 1238 2472 Philadelphus
1268 2420 1382 2471 King
1412 2420 1460 2459 of
1488 2419 1634 2472 Egypt
1662 2421 1769 2459 286-

300 2478 376 2552 24ἶ
400 2488 522 2579 {liny
542 2528 618 2566 has
637 2532 713 2566 not
732 2527 874 2566 stated
893 2527 979 2566 this
998 2527 1223 2577 anywhere
1242 2525 1337 2565 else.
1398 2525 1486 2564 But
1503 2525 1554 2576 cf.
1576 2525 1650 2565 IV.
1678 2527 1767 2564 112.

304 2630 388 2674 234
