1873 3020
563 196 768 243 PLINY
787 215 797 243 z
852 197 1178 244 NATURAL
1224 197 1518 243 HISTORY

308 334 568 389 gravatum
606 342 776 371 somno
813 325 1139 371 conlocavisse
1178 329 1336 372 verius
1374 342 1523 387 quam
1558 326 1775 372 caelasse

305 394 467 440 dictus
517 399 592 438 est
639 390 922 447 Diodorus‚1
972 392 1278 438 Stratonicus
1325 409 1440 438 mox
1488 392 1775 455 Cyzicenus,

306 460 582 514 Tauriscus,
610 462 731 504 item
758 460 959 505 Ariston
987 466 1038 504 et
1070 459 1285 505 Eunicus
1314 458 1611 521 Mitylenaei
1637 459 1775 505 laud-

310 534 457 572 antur
482 534 533 571 et
565 526 850 571 Hecataeus
877 533 929 571 et
958 529 1086 571 circa
1117 524 1321 587 Pompei
1350 525 1525 588 Magni
1552 533 1774 571 aetatem

311 591 567 646 Pasiteles,
609 590 897 638 Posidonius
942 591 1203 654 Ephesius,
1244 592 1434 655 Hedys,
1472 591 1777 647 Thracides,2

310 663 392 721 qui
422 660 609 720 proelia
638 666 956 720 armatosque
986 659 1213 713 caelavit,
1242 659 1479 721 Zopyrus,
1509 662 1591 720 qui
1621 659 1775 705 Areo-

309 729 504 788 pagitas
528 733 579 771 et
600 726 832 771 iudicium
857 725 1048 772 Orestis
1069 728 1119 770 in
1149 725 1341 771 duobus
1371 724 1566 788 scyphis
1588 741 1647 771 Hs
1672 725 1776 773 51‘1‘13

310 795 601 838 aestimatis.
671 791 765 837 fuit
810 799 861 837 et
909 790 1144 854 Pytheas,
1189 795 1326 838 cuius
1369 808 1405 837 11
1448 795 1623 838 unciae
1668 794 1706 839 Χ
1748 799 1778 840 ἴ(

311 863 573 904 venierunt
609 875 619 904 ι
645 859 817 904 Ulixes
844 866 895 904 et
920 859 1191 904 Diomedes
1217 866 1359 904 erant
1383 862 1433 904 in
1456 857 1651 920 phialae
1677 875 1778 904 em-

205 933 274 972 157
312 926 532 971 blemate
554 924 828 971 Palladium
849 926 1196 986 subripientes.
1269 925 1386 971 fecit
1413 925 1545 971 idern
1566 933 1618 971 et
1637 942 1777 972 cocos

310 995 587 1055 magiriscia
612 992 888 1053 appellatos
913 992 1123 1053 parvolis
1149 995 1353 1053 potoriis
1380 999 1432 1037 et
1459 1008 1485 1037 e
1512 992 1689 1054 quibus
1714 1008 1777 1038 ne

312 1059 615 1120 exemplaria
651 1058 853 1120 quidem
889 1058 1060 1104 liceret
1098 1061 1407 1120 exprimere3
1461 1066 1567 1104 tam
1602 1075 1778 1120 oppor-

311 1133 435 1172 tuna
491 1128 697 1171 iniuriae
754 1125 1002 1171 subtilitas
1060 1132 1182 1171 erat.
1251 1124 1427 1171 habuit
1483 1133 1535 1171 et
1589 1125 1780 1171 Teucer

312 1195 578 1238 crustarius
605 1191 806 1246 famam,
832 1193 1097 1253 subitoque
1123 1209 1198 1238 ars
1223 1191 1346 1237 haec
1370 1195 1441 1237 ita
1466 1191 1698 1247 exolevit,
1722 1199 1779 1238 ut

312 1259 414 1305 sola
453 1262 550 1304 iam
591 1266 870 1304 vestustate
910 1266 1173 1304 censeatur
1212 1275 1403 1320 usuque
1444 1261 1628 1305 attritis
1668 1275 1779 1305 cae-

309 1326 480 1371 laturis
501 1329 539 1371 si
560 1342 650 1371 nec
665 1323 686 1353 4
707 1325 863 1387 figura
880 1325 1089 1371 discerni
1107 1328 1260 1387 possit
1282 1330 1549 1372 auctoritas
1566 1333 1776 1372 constet.

205 1400 277 1438 158
374 1393 655 1454 Argentum
688 1392 947 1437 medicatis
982 1395 1120 1453 aquis
1154 1392 1368 1438 inficitur
1401 1400 1553 1454 atque
1587 1391 1778 1438 adflatu

312 1459 455 1511 salso,
482 1462 548 1504 sic
576 1467 627 1504 et
646 1460 665 1488 ⁵
709 1462 757 1504 in
783 1459 1159 1505 mediterraneis
1188 1459 1472 1520 Hispaniae.

378 1526 506 1571 LVI.
548 1526 604 1570 In
632 1529 827 1588 argenti
856 1533 906 1572 et
935 1529 1040 1571 auri
1067 1525 1279 1571 metallis
1308 1533 1577 1571 nascuntur
1605 1528 1778 1571 etiam-

315 1609 432 1638 num
467 1595 727 1654 pigmenta
763 1592 818 1637 sil
857 1600 907 1638 et
945 1592 1242 1638 caeruleum.
1313 1592 1369 1637 sil
1405 1596 1600 1654 proprie
1637 1592 1779 1638 limus

315 1667 405 1704 est.
475 1662 719 1720 optimum
745 1675 805 1704 ex
832 1676 889 1705 eo
914 1659 1047 1720 quod
1070 1660 1297 1705 Atticum
1321 1666 1539 1714 vocatur,
1563 1662 1778 1720 pretium

315 1728 362 1770 in
407 1726 570 1787 pondo
613 1726 759 1771 libras
804 1728 842 1772 Χ
883 1741 949 1780 113
1002 1729 1281 1787 proximum
1316 1742 1673 1771 marmorosum
1708 1725 1779 1772 di-

371 1813 383 1835 ¹
415 1814 487 1851 lac.
526 1813 722 1863 Mayhoff
758 1814 826 1863 qui
864 1812 1078 1851 Diodorus
1114 1814 1280 1862 suppl.:
1332 1813 1436 1852 coni.
1474 1818 1511 1851 et
1547 1813 1777 1863 Antipatro

309 1872 459 1917 poetae
480 1866 684 1917 Satyrum
711 1897 718 1905 .
744 1897 751 1905 .
777 1897 785 1905 .
813 1866 996 1905 caelasse
1017 1867 1157 1905 dictus
1177 1865 1460 1914 <Diodorus>,
1481 1865 1760 1905 Stratonicus.

363 1921 376 1943 2
411 1919 573 1971 Hedys,
596 1920 823 1958 Thracides
844 1921 1146 1970 Furtwcinyler:
1174 1919 1524 1970 hedystrachides
1541 1920 1578 1958 B
1593 1930 1601 1954 ε
1632 1919 1775 1958 haedi-

309 1973 503 2019 stadices,
535 1973 853 2012 iedisthracidcs
887 1980 959 2012 aut
990 1974 1077 2012 alia
1106 1974 1219 2013 rest:
1261 1973 1594 2025 Hedystratides
1622 1971 1774 2025 Silliqz

308 2026 620 2065 Telesarchides
646 2028 751 2066 coni.
781 2027 959 2076 Diltloey.

362 2081 378 2104 ³
409 2082 475 2116 iil—1
498 2080 646 2119 Θείρης
681 2079 775 2171 jin—11
799 2080 862 2119 B:
904 2090 970 2118 ΧΠ
994 2080 1075 2119 rell.

363 2134 380 2157 ¹²
408 2134 441 2171 si
464 2147 538 2172 nec
565 2134 677 2172 Urlic
694 2148 727 2171 cs
746 2150 754 2172 ε
794 2134 827 2171 si
849 2146 900 2171 ne
922 2134 958 2172 Β
977 2149 984 2172 :
1024 2146 1076 2171 ne
1097 2133 1181 2172 rell.

367 2186 382 2209 ⁵
411 2188 468 2225 sic
489 2192 533 2226 et
553 2188 600 2226 L.
622 2187 842 2226 Poinsinet
861 2186 908 2225 de
929 2187 1050 2236 Sivry
1069 2202 1077 2226 :
1117 2187 1239 2225 sicut.

362 2298 379 2316 ‘²
409 2293 518 2331 Who
562 2293 774 2344 probably
819 2298 949 2331 wrote
993 2307 1048 2331 an
1092 2294 1280 2344 epigram
1324 2293 1468 2343 (Anth.
1513 2293 1636 2332 Plan.
1682 2295 1778 2342 248)

307 2347 468 2397 stating
497 2347 593 2385 that
624 2347 838 2385 Diodorus
868 2348 876 2362 ‘
897 2352 976 2398 put
1004 2352 1050 2385 to
1079 2346 1192 2397 sleep
1213 2347 1221 2362 '
1251 2346 1324 2385 the
1352 2351 1485 2398 satyr.
1544 2347 1632 2386 The
1660 2347 1775 2386 MSS.

308 2401 356 2439 of
370 2401 492 2450 Pliny
513 2401 637 2439 make
657 2401 884 2451 Antipater
902 2401 976 2439 the
994 2413 1210 2451 engraver,
1232 2399 1354 2439 while
1373 2401 1416 2439 in
1435 2400 1509 2439 the
1529 2400 1774 2452 Anthology

308 2455 380 2493 the
399 2455 585 2504 epigram
605 2455 639 2492 is
658 2454 897 2492 attributed
916 2458 961 2492 to
981 2454 1104 2492 Plato
1123 2454 1196 2492 the
1214 2467 1416 2505 younger.

366 2508 380 2530 ²²
412 2509 467 2546 At
490 2508 651 2546 Athens
672 2509 737 2546 for
759 2508 830 2546 the
853 2508 1022 2546 murder
1042 2508 1090 2546 of
1106 2507 1169 2546 his
1191 2507 1371 2555 mother,
1393 2507 1618 2558 according
1638 2511 1686 2546 to
1706 2506 1779 2546 the

308 2566 438 2611 story.

313 2618 397 2661 116
