1873 3020
212 1072 262 1109 39

211 2067 261 2102 40

549 210 755 258 PLINY
774 228 784 258 :
838 210 1165 258 NATURAL
1211 211 1504 259 HISTORY

293 345 455 387 inveni
485 342 745 404 equidem3
790 345 897 404 quis
925 344 1110 403 primus
1137 342 1414 397 donaverit,
1441 359 1470 388 a
1499 342 1554 388 L.
1584 342 1760 389 Pisone

294 432 507 479 traditur
525 449 535 478 t
572 433 633 478 A.
654 432 935 478 Postumius
953 432 1169 478 dictator
1185 433 1318 494 apud
1335 432 1495 478 lacum
1514 432 1760 495 Regillum

291 526 463 569 castris
508 522 800 568 Latinorum
846 525 1145 584 expugnatis
1190 539 1322 578 eum,
1365 525 1501 568 cuius
1543 526 1760 568 maxime

293 629 444 674 opera
487 619 637 674 capta
683 619 865 658 essent.
933 611 1060 658 hanc
1105 629 1337 659 eoronam
1384 628 1445 658 ex
1491 613 1678 674 praeda
1720 615 1759 658 is

293 702 434 749 dedit
462 718 498 747 11
528 702 599 757 l.,1
626 706 749 748 item
780 702 836 748 L.
868 702 1111 748 Lentulus
1140 702 1309 748 consul
1337 701 1506 749 Servio
1534 702 1760 748 Cornelio

296 793 572 839 Merendae
601 792 881 838 Samnitum
911 792 1093 854 oppido
1121 800 1287 855 capto,
1317 792 1405 839 sed
1433 792 1511 839 hic
1541 796 1760 856 quinque

294 883 526 929 librarum
544 898 554 936 ;
591 886 740 930 trium
758 882 776 911 2
802 882 913 929 Piso
931 883 1079 946 Frugi
1096 883 1249 928 filium
1266 899 1327 929 ex
1343 886 1536 945 privata
1550 886 1761 945 pecunia

293 974 497 1020 donavit
521 989 733 1035 eamque
755 990 987 1019 coronam
1009 980 1318 1019 testamento
1340 976 1385 1019 ei
1406 973 1731 1036 praelegavit.

356 1063 472 1109 XII.
512 1064 733 1110 Deorum
776 1063 971 1109 honoris
1012 1080 1163 1110 causa
1201 1067 1250 1109 in
1288 1067 1435 1110 sacris
1472 1063 1591 1109 nihil
1626 1062 1759 1108 aliud

294 1157 635 1216 excogitatum
673 1161 749 1199 est
785 1170 935 1216 quam
973 1161 1029 1199 ut
1065 1156 1250 1199 auratis
1286 1154 1513 1200 cornibus
1549 1152 1760 1208 hostiae,

293 1248 501 1290 maiores
552 1244 837 1298 dumtaxat,
887 1244 1278 1290 immolarentur.
1345 1243 1432 1289 sed
1484 1247 1534 1289 in
1583 1242 1759 1288 militia

294 1351 491 1397 quoque
539 1338 588 1379 in
636 1342 837 1380 tantum
884 1334 1102 1380 adolevit
1148 1333 1272 1380 haec
1320 1334 1530 1388 luxuria,
1578 1341 1634 1380 ut
1684 1333 1756 1378 M.

295 1426 431 1471 Bruti
488 1441 514 1470 e
570 1424 852 1487 Philippicis
906 1428 1093 1487 campis
1149 1424 1393 1487 epistulae
1448 1428 1760 1486 reperiantur

293 1515 549 1562 frementis
608 1515 781 1561 fibulas
840 1516 1126 1562 tribunicias
1187 1531 1249 1561 ex
1308 1532 1428 1561 auro
1481 1518 1602 1577 geri.
1671 1518 1759 1569 ita,

294 1605 566 1652 Hercules?
616 1606 748 1651 idem
782 1609 913 1651 enim
945 1613 1019 1661 tu,
1051 1606 1222 1660 Brute,
1254 1605 1517 1651 mulierum
1548 1605 1758 1667 pedibus

292 1713 465 1742 aurum
490 1703 746 1759 gestatum
766 1695 785 1724 3
809 1699 1025 1742 tacuisti.
1095 1703 1147 1742 et
1172 1713 1258 1742 nos
1285 1696 1481 1742 sceleris
1507 1699 1757 1758 arguimus

292 1787 445 1840 illum,
477 1791 559 1849 qui
590 1790 775 1849 primus
807 1803 926 1833 auro
957 1787 1258 1849 dignitatem
1289 1803 1379 1848 per
1408 1786 1579 1832 anulos
1610 1785 1754 1832 fecit!

292 1877 513 1922 habeant
555 1880 603 1922 in
646 1877 843 1923 lacertis
886 1881 984 1922 iam
1029 1877 1230 1939 quidem
1275 1884 1328 1923 et
1370 1880 1475 1931 viri,
1519 1876 1651 1939 quod
1695 1892 1756 1922 ex

294 1967 539 2013 Dardanis
585 1970 959 2030 venit—itaque
1007 1974 1058 2013 et
1106 1967 1415 2012 Dardanium
1462 1967 1758 2020 vocabatur3

294 2058 491 2103 viriolae
516 2056 704 2104 Celtice
729 2058 977 2114 dicuntur,
1001 2061 1152 2103 viriae
1178 2057 1566 2111 Celtiber-ice—-3
1607 2056 1758 2102 habe-

292 2155 380 2194 ant
400 2147 616 2194 feminae
638 2151 687 2193 in
709 2148 908 2193 armillis
930 2148 1199 2210 digitisque
1221 2151 1357 2203 totis,
1378 2147 1519 2203 collo,
1540 2148 1756 2201 auribus,

292 2241 460 2300 spiris3
511 2238 788 2284 discurrant
816 2246 1027 2284 catenae
1057 2242 1183 2284 circa
1214 2238 1371 2283 latera
1403 2245 1455 2284 et
1485 2241 1533 2283 in
1564 2244 1756 2283 secreto

304 2427 311 2462 Ι
349 2372 521 2471 ἐιεῗεᾶὶι
560 2382 591 2410 11
630 2373 655 2411 l.
693 2373 776 2422 (i.e.
812 2372 1035 2421 librarum)
1076 2372 1290 2422 Mayhosf:
1337 2371 1455 2410 dedit
1493 2371 1578 2410 cdd.
1620 2370 1754 2421 (dedit

355 2480 371 2502 ²
400 2480 529 2517 trium
557 2478 649 2517 add.
679 2478 901 2518 Hardouin
928 2480 1013 2517 coll.
1054 2479 1138 2517 l'al.
1171 2479 1288 2516 Illam.
1319 2478 1503 2518 1V.3.10.

356 2534 371 2555 ³
399 2538 615 2583 gestatum
643 2532 693 2579 B,
722 2532 781 2571 cd.
812 2531 950 2572 Com:
996 2532 1151 2583 gestari
1179 2532 1262 2571 rell.

279 2623 333 2667 32
