1899 3015
229 1882 279 1918 80

553 201 796 247 PLINY:
855 201 1184 248 NATURAL
1227 200 1527 249 HISTORY

309 327 464 374 ante1
501 328 770 391 graphicen
809 327 920 392 [hoc
963 335 1040 374 est
1081 331 1325 390 picturam
1349 329 1389 393 2]
1427 331 1476 374 in
1514 329 1664 384 buxo,
1699 330 1783 377 do·

308 409 540 448 cerentur
577 405 983 463 recipereturque
1022 418 1098 447 ars
1138 418 1197 447 ea
1233 404 1282 447 in
1320 405 1534 463 primum
1571 404 1781 465 gradum

309 476 598 521 liberalium.
668 492 865 537 semper
889 475 1091 537 quidem
1115 474 1268 521 honos
1295 478 1338 520 ei
1364 475 1475 531 fuit,
1501 482 1557 522 ut
1580 479 1781 539 ingenui

310 566 420 594 earn
466 555 775 603 exercerent,
822 566 936 594 mox
983 555 1039 594 ut
1083 548 1297 603 honesti,
1342 555 1589 610 perpetuo
1633 552 1784 595 inter-

309 624 441 668 dicto
488 639 550 667 ne
597 625 798 667 servitia
844 622 1157 668 docerentur.
1227 622 1339 668 ideo
1386 638 1551 684 neque
1596 625 1647 669 in
1693 622 1784 669 hac

309 712 472 758 neque
535 699 584 741 in
647 698 892 742 toreutice
956 695 1116 749 ullius,
1181 698 1265 757 qui
1328 698 1571 750 servierit,
1634 712 1785 758 opera

309 770 638 816 celebrantur.

372 843 500 889 Clari
546 850 598 888 et
641 845 916 888 centesima
959 845 1173 904 septima
1216 841 1500 905 olympiade
1545 845 1785 889 exstitere

310 917 495 962 Aetion
561 933 617 962 ac
681 915 1051 962 Therimachus.
1121 916 1349 961 Aetionis
1414 922 1531 961 sunt
1596 916 1785 962 nobiles

309 992 533 1053 picturae
568 989 719 1035 Liber
749 996 911 1051 pater,
944 992 1067 1034 item
1100 989 1379 1050 Tragoedia
1411 995 1464 1034 et
1500 988 1785 1043 Comoedia,

310 1063 592 1110 Semiramis
615 1079 675 1109 ex
698 1063 873 1108 ancilla
893 1079 1104 1124 regnum
1125 1065 1366 1124 apiscens,
1388 1078 1510 1107 anus
1531 1061 1785 1124 lampadas

309 1136 596 1199 praeferens
634 1144 686 1182 et
721 1153 847 1182 nova
883 1143 1042 1198 nupta
1077 1136 1374 1181 verecundia
1411 1135 1656 1181 notabilis.

373 1211 558 1256 Verum
610 1227 781 1256 omnes
832 1212 966 1271 prius
1018 1212 1214 1271 genitos
1267 1208 1561 1270 futurosque
1612 1216 1787 1271 postea

310 1287 562 1346 superavit
605 1284 807 1345 Apelles
852 1283 980 1329 Cous
1024 1282 1307 1345 olympiade
1352 1285 1627 1328 centesima
1668 1282 1787 1328 duo-

310 1358 517 1404 decima.
586 1361 810 1419 picturae
861 1357 1002 1419 plura
1051 1356 1180 1403 solus
1230 1372 1385 1418 prope
1435 1372 1585 1418 quam
1634 1359 1786 1402 ceteri

310 1447 480 1477 omnes
541 1431 768 1485 contulit,
830 1430 1158 1476 voluminibus
1221 1432 1373 1475 etiam
1434 1429 1598 1484 editis,
1658 1446 1786 1492 quae

311 1505 587 1550 doctrinam
631 1521 742 1550 eam
785 1507 1059 1550 continent.
1128 1506 1397 1565 praecipua
1441 1505 1544 1548 eius
1587 1505 1637 1548 in
1680 1509 1787 1548 arte

312 1586 544 1624 venustas
587 1578 699 1632 fuit,
741 1594 852 1624 cum
896 1577 1074 1623 eadem
1116 1583 1286 1622 aetate
1328 1578 1532 1621 maximi
1574 1578 1788 1638 pictores

312 1659 506 1706 essent3
568 1669 777 1714 quorum
821 1667 973 1713 opera
1014 1667 1126 1697 cum
1170 1650 1518 1704 admiraretur,
1561 1649 1787 1695 omnibus

311 1725 618 1772 conlaudatis
661 1725 835 1771 deesse
877 1725 1011 1770 illam
1053 1741 1193 1770 suam
1237 1739 1470 1769 venerem
1510 1724 1529 1752 3
1572 1723 1787 1776 dicebat,

312 1816 461 1861 quam
490 1799 665 1845 Graeci
685 1793 868 1862 χάριτα
887 1805 1065 1844 vocant
1083 1813 1093 1852 3
1132 1804 1302 1843 cetera
1320 1799 1486 1843 omnia
1504 1799 1787 1859 contigisse,

310 1873 398 1919 sed
425 1872 516 1918 hac
543 1873 646 1919 sola
673 1874 763 1918 sibi
792 1875 1044 1917 neminem
1070 1887 1258 1933 parem.
1329 1877 1381 1916 et
1408 1870 1555 1915 aliam
1581 1869 1788 1932 gloriam

314 1949 585 2008 usurpavit,
623 1963 735 1992 cum
775 1945 1067 2009 Protogenis
1106 1961 1229 2006 opus
1267 1946 1477 1989 inmensi
1516 1943 1694 1989 laboris
1733 1959 1789 1988 ac

378 2054 391 2077 1
422 2054 577 2093 omissa
599 2056 663 2103 (=
686 2054 906 2102 omissam)
927 2057 1027 2092 ante
1048 2053 1152 2091 coni.
1178 2051 1394 2102 Mayhosf:
1434 2050 1578 2089 omnia
1599 2054 1699 2089 ante
1722 2050 1785 2089 B:

319 2108 461 2199 annia
486 2108 575 2146 anti
602 2108 685 2147 rell.
706 2123 714 2146 x
758 2111 858 2146 ante
883 2106 1026 2145 omnia
1051 2105 1135 2145 edd.
1166 2111 1284 2145 vem:
1328 2117 1474 2143 omnes
1499 2108 1635 2143 artem
1661 2103 1707 2143 Ο.
1736 2103 1786 2142 F.

323 2162 345 2199 Ι
365 2174 548 2200 ermann.

377 2216 392 2239 ²
421 2213 570 2254 seduci,
601 2213 775 2253 Urlichs.

377 2269 393 2292 ³
422 2272 693 2306 venustatem
715 2266 898 2305 Frdlmer
920 2268 999 2316 (cp.
1023 2266 1206 2317 gratiam
1230 2264 1405 2312 Quintil.
1430 2262 1533 2302 XII.
1559 2264 1620 2302 10.
1643 2264 1700 2312 6).

367 2381 386 2400 ‘⁸
414 2376 502 2415 The
523 2376 657 2414 whole
676 2375 724 2414 of
738 2379 936 2426 statuary
957 2387 1003 2413 as
1022 2373 1268 2413 contrasted
1289 2372 1390 2411 with
1411 2372 1618 2423 painting.

371 2429 385 2453 ι’
414 2429 746 2474 Sammuramat,
768 2429 952 2480 princess
972 2428 1020 2467 of
1035 2427 1208 2478 Assyria
1226 2439 1257 2465 c.
1281 2428 1359 2465 800
1380 2437 1461 2465 B.c.

316 2536 346 2575 C
365 2489 378 2506 ⁰
408 2482 561 2535 Really
582 2483 629 2522 of
645 2482 854 2534 Ephesus,
877 2482 955 2521 but
975 2494 1090 2521 some
1111 2480 1158 2520 of
1173 2480 1238 2520 his
1257 2479 1427 2519 famous
1446 2478 1585 2517 works
1616 2490 1720 2516 were
1741 2483 1788 2515 at

350 2549 409 2575 os.

314 2604 401 2662 318
