1873 3020
528 204 763 251 PLINY:
817 203 1144 251 NATURAL
1190 203 1483 251 HISTORY

223 342 247 379 9
272 337 378 396 quis
421 349 519 378 non
563 336 716 378 etiam
757 331 1108 378 fabulosiorem
1149 331 1406 377 fateatur?
1472 348 1647 378 manus
1685 339 1737 378 et

191 1122 239 1162 10

194 1905 237 1943 ll

268 436 463 482 prorsus
489 423 717 465 sinistrae
743 423 1013 464 maximam
1038 422 1392 465 auctoritatem
1416 418 1737 465 conciliavere

269 523 404 561 auro,
430 523 528 552 non
554 506 756 568 quidem
782 506 1056 560 Romanae,
1082 522 1292 567 quarum
1312 505 1331 534 1
1355 508 1406 550 in
1429 521 1566 551 more
1589 504 1736 551 ferrei

270 600 414 639 erant
438 600 495 639 ut
515 593 532 621 2
558 596 754 638 virtutis
779 592 988 638 bellicae
1012 595 1222 655 insigne.

333 681 411 726 De
442 681 641 742 regibus
673 680 908 726 Romanis
945 696 1044 726 non
1075 679 1219 725 facile
1256 679 1482 725 dixerim.
1549 678 1738 726 nullum

270 767 425 813 habet
450 767 644 813 Romuli
668 771 718 813 in
743 767 990 829 Capitolio
1012 773 1181 813 statua
1206 783 1298 813 nec
1320 773 1523 829 praeter
1544 766 1739 812 Numae

270 855 524 918 Serviique
552 855 696 901 Tullii
726 855 822 900 alia
850 872 906 902 ac
935 871 997 901 ne
1027 855 1166 901 Lucii
1195 855 1397 917 quidem
1425 854 1581 900 Bruti.
1647 853 1739 900 hoc

271 946 320 987 in
350 943 627 1004 Tarquiniis
658 946 876 988 maxime
907 945 1073 997 miror,
1104 959 1314 1005 quorum
1347 958 1373 987 e
1405 941 1615 987 Graecia
1643 940 1739 987 fuit

270 1033 424 1092 origo,
470 1029 602 1075 unde
647 1029 725 1075 hic
771 1029 1031 1075 anulorum
1076 1046 1191 1075 usus
1237 1032 1391 1083 venit,
1436 1045 1739 1091 quamquam

273 1120 425 1162 etiarn
472 1133 602 1162 nunc
650 1116 1032 1163 Lacedaemone
1078 1115 1240 1162 ferreo
1286 1123 1511 1162 utuntur.
1578 1115 1667 1162 sed
1711 1132 1739 1161 a

272 1204 435 1250 Prisco
489 1205 756 1267 Tarquinio
811 1208 1031 1250 omnium
1086 1207 1244 1266 primo
1299 1204 1470 1258 filium,
1524 1220 1636 1249 cum
1690 1206 1739 1248 in

271 1298 569 1353 praetextae
625 1295 764 1337 annis
820 1291 1079 1337 occidisset
1134 1290 1347 1345 hostem,
1401 1290 1537 1336 bulla
1589 1306 1740 1336 aurea

271 1378 511 1424 donatum
569 1385 785 1433 constat,
842 1378 974 1424 unde
1031 1394 1136 1424 mos
1192 1377 1359 1424 bullae
1415 1378 1629 1432 duravit,
1684 1384 1740 1422 ut

273 1482 460 1520 eorum,
484 1469 567 1528 qui
593 1483 720 1528 equo
743 1469 1061 1520 meruissent,
1084 1465 1168 1510 filii
1190 1468 1383 1527 insigne
1405 1464 1456 1510 id
1477 1463 1740 1519 haberent,

272 1557 424 1598 ceteri
458 1553 644 1608 lorum3
694 1560 747 1599 et
777 1553 890 1599 ideo
921 1556 1070 1599 miror
1099 1553 1353 1615 Tarquinii
1385 1555 1488 1598 eius
1518 1558 1739 1598 statuam

273 1643 377 1685 sine
429 1640 575 1686 anulo
626 1657 748 1686 esse.
818 1657 1122 1702 quamquam
1174 1646 1226 1686 et
1275 1639 1338 1685 de
1389 1642 1587 1685 nomine
1635 1642 1740 1700 ipso

273 1727 458 1789 ambigi
480 1728 638 1773 video.
708 1727 887 1773 Graeci
908 1744 935 1772 a
957 1727 1125 1789 digitis
1147 1726 1481 1789 appellavere,
1501 1725 1635 1788 apud
1653 1741 1739 1771 nos

273 1817 415 1874 prisci
447 1814 686 1876 ungulum
718 1814 980 1868 vocabant,
1010 1820 1187 1875 postea
1217 1820 1269 1859 et
1299 1812 1477 1858 Graeci
1507 1819 1559 1858 et
1587 1814 1738 1858 nostri

270 1901 564 1961 symbolum.
630 1901 777 1963 longo
795 1908 931 1946 certe
957 1907 1184 1962 tempore
1209 1916 1271 1945 ne
1290 1906 1521 1945 senatum
1539 1898 1739 1961 quidem

630 2010 643 2032 1
675 2009 837 2047 romani
861 2021 1040 2058 quorum
1062 2008 1120 2047 cd.
1145 2009 1242 2046 Par.
1266 2008 1383 2046 6801.

626 2063 641 2086 ²
671 2068 719 2100 ut
742 2062 993 2101 Hardouin:
1033 2067 1088 2100 et.

330 2220 347 2237 α
377 2214 560 2253 Sinistra
584 2218 773 2264 suggests
799 2213 808 2228 ‘
828 2212 1044 2263 unlucky‚’
1071 2212 1080 2228 ‘
1100 2211 1294 2251 sinister.’

334 2268 348 2291 ¹²
379 2268 467 2306 One
489 2268 536 2306 of
552 2267 624 2305 the
644 2272 729 2305 two
750 2267 841 2304 first
862 2266 1028 2305 consuls
1049 2267 1144 2315 (509
1166 2267 1282 2313 13.c.)‚
1304 2268 1380 2303 nob
1400 2278 1425 2303 a
1445 2264 1557 2315 king.

333 2327 347 2345 ⁶
375 2321 463 2359 The
490 2320 617 2359 white
643 2325 744 2371 toga
771 2319 873 2358 with
901 2334 925 2358 a
951 2319 1100 2370 purple
1127 2318 1278 2357 border
1304 2331 1420 2357 worn
1446 2318 1503 2369 by
1531 2317 1740 2356 free-born

279 2374 384 2424 boys
406 2379 451 2412 at
474 2374 611 2412 Rome
633 2374 742 2412 until
765 2373 867 2423 they
890 2386 995 2411 were
1017 2372 1210 2411 declared
1233 2377 1279 2410 to
1302 2372 1353 2410 be
1375 2371 1423 2410 of
1439 2384 1528 2422 age,
1554 2372 1740 2409 between

280 2429 326 2465 14
357 2427 440 2464 and
475 2429 534 2472 16,
565 2426 650 2465 and
679 2426 874 2465 assumed
906 2426 977 2464 the
1005 2432 1094 2475 toqa
1122 2439 1230 2475 pura
1259 2438 1305 2464 or
1335 2425 1483 2471 virilis,
1513 2424 1585 2463 the
1615 2424 1740 2462 white

277 2481 451 2518 woollen
478 2480 599 2518 cloak
627 2480 674 2518 of
696 2480 767 2518 the
796 2480 963 2517 Roman
991 2479 1155 2517 citizen.

335 2533 352 2556 ‘¹
381 2533 615 2578 Δακτύλιος,
639 2533 746 2571 from
771 2532 977 2574 δάκτυλος.

281 2610 307 2652 8
