1899 3015
241 562 315 601 197

240 1044 315 1082 198

238 1765 313 1803 199

604 187 846 234 PLINY:
904 188 1232 235 NATURAL
1275 188 1570 236 HISTORY

349 331 477 376 quae
501 315 726 361 adfertur
749 331 775 361 e
799 314 1040 370 Sardinia,
1063 315 1283 362 candidis
1307 323 1505 362 tantum
1529 317 1820 371 adsumitur,

351 395 536 440 inutilis
593 395 980 450 versicoloribus,
1037 395 1123 441 et¹
1184 403 1259 441 est
1317 397 1546 442 vilissima
1601 400 1819 444 omnium

349 475 585 521 Cimoliae
639 491 910 538 generum3
967 478 1226 537 pretiosior
1273 476 1508 522 Umbrica
1565 484 1616 523 et
1671 494 1819 539 quam

349 562 525 600 vocant
588 572 778 601 saxum.
847 559 1124 617 proprietas
1183 559 1285 601 saxi
1348 556 1479 618 quod
1538 560 1713 603 crescit
1771 561 1819 603 in

348 635 673 690 macerand03
725 639 896 697 itaque
917 636 935 664 2
970 636 1190 698 pondere
1226 639 1424 691 emitur,
1459 636 1541 682 illa
1573 654 1819 683 mensura.

352 715 588 761 Umbrica
646 733 743 761 non
801 719 889 761 nisi
950 716 1190 778 poliendis
1250 717 1469 762 vestibus
1528 717 1818 763 adsumitur.

350 811 513 857 neque
545 799 675 841 enim
708 797 899 858 pigebit
931 795 1056 842 hanc
1087 813 1286 858 quoque
1317 804 1511 858 partem
1543 797 1821 860 adtingere,

348 892 459 921 cum
506 876 584 922 lex
635 876 831 922 Metilia
878 884 1019 923 extet
1067 875 1330 922 fullonibus
1377 877 1526 932 dicta,
1572 895 1721 941 quam
1766 877 1820 925 C.

352 956 618 1002 Flaminius
653 957 709 1002 L.
745 957 985 1002 Aemilius
1016 973 1242 1003 censores
1277 957 1461 1003 dedere
1492 957 1555 1004 ad
1583 958 1820 1020 populum

349 1035 621 1082 ferendam.
691 1037 816 1083 adeo
886 1040 1051 1083 omnia
1114 1038 1380 1083 maioribus
1449 1054 1596 1083 curae
1666 1037 1819 1084 fuere.

350 1133 467 1179 ergo
506 1117 625 1163 ordo
663 1116 741 1162 hic
781 1125 884 1163 est:
948 1120 1161 1179 primum
1201 1117 1419 1163 abluitur
1461 1121 1609 1164 vestis
1651 1117 1821 1170 Sarda,

349 1197 463 1242 dein
514 1197 714 1260 sulpure
775 1198 984 1251 suffitur,
1034 1215 1149 1243 mox
1206 1197 1564 1259 desquamatur
1617 1198 1821 1245 Cimolia

349 1294 477 1339 quae
517 1284 592 1323 est
630 1278 801 1324 coloris
840 1281 956 1324 veri.
1027 1277 1222 1324 fucatus
1261 1281 1392 1323 enim
1431 1278 1823 1340 deprehenditur

351 1361 683 1420 nigrescitque
732 1365 784 1404 et
831 1357 1056 1404 funditur
1102 1358 1319 1420 sulpure,
1366 1374 1505 1404 veros
1553 1366 1723 1404 autem
1770 1367 1822 1405 et

350 1441 589 1499 pretiosos
626 1439 811 1484 colores
851 1439 1039 1484 emollit
1076 1438 1283 1484 Cimolia
1320 1446 1373 1484 et
1409 1438 1624 1501 quodam
1663 1442 1821 1485 nitore

351 1517 594 1564 exhilarat
654 1522 972 1565 contristatos
1035 1519 1250 1580 sulpure.
1319 1519 1539 1564 candidis
1601 1520 1821 1565 vestibus

348 1615 521 1644 saxum
543 1599 710 1644 utilius
731 1616 759 1644 a
778 1599 995 1660 sulpure,
1015 1602 1266 1645 inimicum
1287 1599 1543 1645 coloribus.
1614 1599 1819 1646 Graecia

348 1695 435 1740 pro
467 1678 671 1724 Cimolia
702 1678 1006 1742 Tymphaico
1028 1679 1047 1707 ³
1079 1682 1237 1725 utitur
1265 1696 1438 1742 gypso.

412 1759 595 1804 LVIII.
634 1759 745 1805 Alia
786 1767 923 1806 creta
964 1763 1247 1822 argentaria
1288 1759 1568 1822 appellatur
1609 1762 1819 1806 nitorem

347 1846 555 1901 argento
579 1839 810 1894 reddens,
834 1847 912 1885 set
935 1840 1167 1885 vilissima
1191 1856 1289 1901 qua
1312 1842 1493 1885 circum
1517 1839 1820 1902 praeducere

347 1919 409 1964 ad
446 1922 678 1965 victoriae
716 1926 884 1965 notam
922 1920 1175 1981 pedesque
1213 1920 1460 1965 venalium
1496 1926 1632 1966 trans
1667 1923 1821 1965 maria

348 1999 666 2045 advectorum
685 2000 925 2046 denotare
951 2003 1275 2045 instituerunt
1293 2002 1531 2054 maiores3
1566 1999 1820 2062 talemque

410 2126 423 2149 1
453 2139 502 2165 ea
525 2128 629 2166 coni.
657 2127 858 2178 Mayhoff.
1130 2123 1146 2161 ἕ
1156 2127 1300 2177 itaque
1325 2126 1520 2177 Mayhoff
1533 2142 1542 2166 ε
1568 2131 1710 2178 atque.

409 2180 425 2203 ³
455 2180 720 2231 Tymphaico
737 2181 984 2220 Hermolaus
1001 2181 1210 2219 Barbarus
1227 2181 1314 2220 coll.
1335 2180 1533 2230 Theophr.
1555 2196 1563 2219 ε
1598 2181 1821 2232 tympaigo

354 2233 415 2272 B:
458 2238 693 2285 tympauco
717 2235 799 2273 rell.

396 2374 413 2392 ⁰
444 2367 577 2407 Sarda
595 2368 734 2407 would
751 2368 802 2408 be
819 2372 965 2419 strong
984 2367 1161 2407 calcium
1179 2367 1581 2414 montmorillonite;
1611 2367 1818 2406 Umbrian

340 2422 476 2467 earth,
501 2435 616 2461 some
648 2421 874 2468 kaolinite3
915 2422 1000 2461 and
1030 2435 1190 2467 samm,
1218 2422 1451 2460 bentonite.
1510 2421 1572 2460 Cf.
1605 2421 1656 2460 R.
1690 2421 1745 2459 H.
1778 2420 1818 2459 S.

341 2475 596 2520 Robertson,
628 2475 759 2514 Class.
795 2476 906 2522 Rev„
942 2475 1106 2522 LXIII,
1142 2477 1261 2514 51—3.
1322 2475 1377 2513 K.
1413 2474 1455 2513 C.
1493 2474 1640 2524 Bailey
1674 2474 1819 2513 thinks

340 2541 487 2567 saaeum
505 2529 539 2567 is
561 2528 800 2579 quicklime.
1190 2529 1205 2554 ὁ
1234 2529 1294 2571 Cf.
1319 2530 1338 2580 ξ
1360 2532 1423 2568 44.

345 2586 434 2639 406
