1873 3020
202 743 252 780 66

205 1274 252 1312 67

209 1608 257 1644 68

540 206 781 253 PLINY:
838 207 1164 254 NATURAL
1205 207 1499 255 HISTORY

285 339 479 389 metria,
507 351 656 396 quam
684 334 1059 397 diligentissime
1087 337 1322 382 custodiit
1342 336 1359 364 1
1389 353 1512 382 nova
1541 340 1749 383 intacta-

285 419 380 463 que
406 405 598 447 ratione
621 402 889 463 quadratas
911 410 1138 448 veterum
1159 410 1376 449 staturas
1401 403 1748 464 permutando,

286 468 531 531 vulgoque
549 468 748 513 dicebat
768 469 829 513 ab
848 468 938 514 illis
958 468 1115 514 factos
1136 468 1306 531 quales
1325 477 1492 515 essent
1509 469 1749 524 homines,

285 552 313 580 a
335 551 387 580 se
412 534 580 597 quales
605 535 890 580 viderentur
914 551 1035 580 esse.
1105 539 1331 597 propriae
1355 535 1497 581 huius
1521 536 1752 582 videntur

286 617 393 647 esse
423 604 649 664 argutiae
680 617 884 662 operum
914 602 1194 648 custoditae
1228 605 1277 647 in
1306 605 1518 648 minimis
1554 618 1751 665 quoque

283 668 444 714 rebus.

351 733 493 779 Filios
557 741 608 780 et
669 734 929 796 discipulos
991 734 1191 796 reliquit
1252 735 1477 781 laudatos
1539 735 1751 781 artifices

287 798 571 862 Laippum,2
616 800 836 855 Boedan‚
880 801 968 846 sed
1012 809 1130 847 ante
1175 818 1344 847 omnes
1390 801 1748 864 Euthycraten,

286 884 588 929 quamquam
639 870 676 912 is
727 870 1058 913 constantiam
1111 872 1273 929 potius
1325 871 1547 914 imitatus
1598 871 1752 930 patris

287 950 435 995 quam
498 934 801 996 elegantiam
862 941 1060 980 austero
1121 935 1297 980 maluit
1356 951 1541 997 genere
1603 951 1750 997 quarn

287 1000 498 1046 iucundo
519 1000 729 1062 placere.
800 1004 970 1062 itaque
992 1008 1198 1062 optume
1220 1005 1464 1062 expressit
1486 1001 1751 1047 Herculem

289 1066 495 1128 Delphis
556 1074 607 1112 et
670 1067 1013 1113 Alexandrum
1070 1068 1110 1112 T
1113 1067 1292 1129 hespiis
1352 1075 1642 1114 venatorem
1702 1075 1754 1114 et

286 1133 629 1194 Thespiadas?
668 1133 908 1194 proelium
950 1142 1199 1195 equestre,
1239 1134 1553 1180 simulacrum
1593 1137 1754 1196 ipsum

286 1199 532 1261 Trophoni
558 1200 621 1245 ad
641 1199 908 1254 oraculum,
929 1201 1193 1262 quadrigas
1218 1201 1511 1262 complures,
1537 1201 1756 1263 equum4

287 1283 398 1312 cum
436 1267 655 1320 fiscinis‚5
691 1283 838 1312 canes
876 1270 1178 1313 venantium.
1251 1267 1392 1314 huius
1429 1284 1573 1330 porro
1614 1268 1752 1314 disci-

289 1332 431 1395 pulus
465 1332 559 1378 fuit
591 1333 871 1388 Tisicrates‚
906 1341 957 1379 et
989 1336 1094 1394 ipse
1127 1333 1398 1396 Sicyonius,
1430 1335 1518 1380 sed
1552 1334 1753 1397 Lysippi

288 1407 457 1445 sectae
490 1403 704 1461 propior,
738 1407 794 1446 ut
826 1403 906 1445 vix
940 1400 1282 1446 discernantur
1315 1401 1566 1462 complura
1598 1404 1756 1464 signa,

290 1483 379 1512 ceu
418 1482 571 1512 senex
608 1466 872 1512 Thebanus
912 1474 964 1513 et
1002 1467 1289 1513 Demetrius
1327 1484 1432 1522 rex,
1471 1467 1754 1521 Peucestes³

289 1532 558 1578 Alexandri
587 1533 762 1595 Magni
786 1540 1023 1588 servator,
1047 1534 1224 1596 dignus
1248 1541 1394 1580 tanta
1415 1534 1586 1596 gloria.

353 1600 600 1654 Artifices,
651 1602 733 1661 qui
783 1603 1065 1661 compositis
1115 1600 1442 1646 voluminibus
1492 1600 1756 1647 condidere

290 1665 429 1719 haec,
482 1669 614 1711 miris
667 1666 894 1712 laudibus
948 1666 1205 1713 celebrant
1256 1666 1578 1729 Telephanen
1632 1666 1754 1713 Pho-

355 1815 369 1837 1
399 1814 601 1853 custodiit
623 1814 817 1865 illas-ishoff
829 1831 837 1854 :
879 1814 1066 1854 custodit
1086 1820 1157 1854 aut
1179 1815 1412 1854 custodivit
1431 1815 1517 1855 cdd.

351 1867 367 1891 ²
398 1868 643 1919 Dahippum
663 1868 896 1907 Hardonz‘n.

351 1922 366 1944 ³
395 1928 438 1960 et
476 1921 736 1973 Thespiadas
768 1921 827 1961 od.
858 1922 957 1960 Par.
992 1921 1080 1960 Lat.
1115 1922 1247 1961 6797:
1296 1936 1374 1961 om.
1411 1921 1656 1973 thespiadas
1691 1922 1752 1961 B:

295 1988 373 2043 (Ἆγι.
396 1983 439 2013 et
459 1975 518 2014 cd.
542 1974 656 2014 Laid.
686 1976 813 2022 Voss„
834 1973 894 2014 cd.
918 1976 1027 2014 Flor.
1051 1975 1183 2014 Πίσας
1219 1980 1263 2014 et
1284 1975 1555 2027 thespiadum
1577 1975 1636 2014 cd.
1658 1975 1756 2014 Par.

297 2030 585 2132 Obfflequitem
606 2080 709 2121 coni.
727 2080 775 2121 T.
793 2081 842 2121 B.
859 2081 906 2120 L.
932 2080 1112 2121 Webster.
1157 2081 1173 2105 ⁵
1203 2081 1357 2121 fiscinis
1379 2082 1416 2121 B
1432 2098 1440 2121 ε
1481 2082 1653 2121 fuse-inis
1673 2082 1756 2121 rell.

345 2276 363 2294 ‘²
392 2270 466 2309 See
489 2274 588 2308 note
610 2283 666 2308 on
687 2270 873 2320 Laippus
895 2270 936 2307 in
959 2271 977 2319 ἓ
1000 2272 1063 2308 51.

349 2324 364 2348 b
395 2324 452 2363 Or
483 2323 491 2338 ‘
513 2323 577 2362 his
609 2323 808 2362 Heracles
847 2323 969 2362 made
1005 2324 1069 2362 for
1106 2323 1272 2374 Delphi,
1304 2323 1389 2362 and
1420 2323 1484 2362 his
1519 2323 1758 2362 Alexander

291 2378 497 2427 Hiinting,
523 2377 607 2415 and
630 2376 694 2415 his
718 2377 975 2427 Thespiades
1000 2377 1134 2426 (these
1158 2383 1243 2415 two
1269 2377 1392 2415 made
1415 2377 1481 2416 for
1503 2377 1756 2428 Thespiae).’

289 2431 376 2469 The
400 2430 656 2480 Thespiades
680 2444 784 2468 were
809 2430 879 2468 the
905 2431 1055 2469 Muses.

346 2491 360 2508 ⁰
390 2484 455 2522 All
488 2483 603 2523 MSS.
638 2488 789 2535 except
821 2497 899 2522 one
931 2485 1025 2535 give
1049 2483 1247 2534 fuscinis,
1285 2483 1294 2498 ⁴
1314 2484 1417 2522 with
1449 2483 1758 2535 Two-pronged

291 2537 469 2589 Spears.’

297 2625 380 2682 176
