1873 3020
190 390 235 428 13

191 1085 235 1121 14

193 1780 234 1817 15

525 167 766 214 PLINY:
821 168 1147 214 NATURAL
1195 168 1483 215 HISTORY

269 300 482 349 inaures,
547 300 594 341 in
658 295 924 358 primordio
986 295 1260 351 factitasse,
1315 299 1420 342 sine
1481 299 1736 342 mentione

268 383 541 428 anulorum.
611 390 662 429 et
697 386 917 445 quisquis
953 386 1138 445 primus
1173 386 1408 438 instituit,
1442 389 1738 429 cunctanter

268 470 317 516 id
349 469 495 516 fecit:
546 470 696 515 laevis
729 471 957 516 manibus
989 470 1365 532 latentibusque
1397 470 1576 525 induit,
1606 487 1736 524 cum,

267 561 306 603 si
340 556 492 603 honos
528 574 727 603 securus
762 557 954 612 fuisset,
989 557 1170 603 dextra
1203 557 1355 603 fuerit
1389 557 1733 604 ostentandus.

268 644 441 706 quodsi
468 644 884 706 impedimentum
912 648 1078 706 potuit
1104 647 1154 689 in
1182 661 1240 690 eo
1267 644 1468 707 aliquod
1494 644 1736 706 intellegi,

268 734 420 776 etiam
446 734 639 777 serioris
667 748 781 776 usus
802 739 1154 794 argumentum
1176 738 1252 777 est
1269 747 1279 777 :
1296 731 1313 760 ¹
1350 735 1507 777 maius
1526 735 1576 777 in
1594 731 1735 777 laeva

269 817 459 873 fuisset,
519 835 617 880 qua
675 825 871 864 scutum
930 822 1140 881 capitur.
1209 825 1285 864 est
1343 818 1544 881 quidem
1603 817 1735 879 apud

267 905 481 951 eundem
502 905 777 950 Homerum
796 908 1009 951 virorum
1027 905 1241 951 crinibus
1260 922 1434 951 aurum
1453 904 1707 967 inplexum
1724 919 1736 959 ;

267 991 378 1037 ideo
404 995 567 1037 nescio
592 1009 655 1037 an
680 995 812 1054 prior
837 1009 951 1038 usus
978 992 1173 1038 feminis
1199 995 1435 1054 coeperit.

331 1077 387 1124 V.
456 1078 643 1124 Romae
677 1095 739 1125 ne
771 1078 867 1125 fuit
899 1079 1102 1141 quidem
1134 1095 1310 1125 aurum
1342 1082 1433 1124 nisi
1465 1078 1732 1125 admodum

267 1168 502 1228 exiguum
534 1165 682 1228 longo
713 1173 956 1228 tempore.
1024 1173 1162 1211 certe
1193 1183 1305 1212 curn
1338 1183 1366 1211 a
1399 1165 1553 1212 Gallis
1584 1173 1734 1228 capta

269 1252 388 1298 urbe
412 1269 512 1315 pax
538 1259 807 1308 emeretur,
833 1270 930 1299 non
955 1253 1064 1315 plus
1090 1269 1240 1315 quam
1265 1253 1398 1299 mille
1423 1252 1588 1314 pondo
1610 1252 1733 1298 effici

267 1345 490 1400 potuere.
560 1355 651 1404 nec
675 1342 848 1402 ignoro
874 1355 953 1385 MM
979 1339 1144 1401 pondo
1169 1343 1274 1385 auri
1299 1343 1485 1401 perisse
1511 1339 1731 1401 Pompeii

271 1441 327 1470 111
375 1426 603 1473 consultu
647 1442 673 1472 e
715 1425 981 1488 Capitolini
1023 1428 1154 1475 Iovis
1193 1426 1313 1472 solio
1353 1443 1381 1471 a
1421 1426 1628 1472 Camillo
1666 1426 1732 1472 ibi

264 1512 483 1567 condita,
526 1520 578 1559 et
618 1513 731 1559 ideo
773 1530 800 1559 a
842 1513 1092 1576 plerisque
1135 1516 1406 1559 existimari
1449 1529 1528 1559 MM
1569 1513 1733 1575 pondo

264 1599 461 1645 collata.
528 1601 617 1646 sed
644 1600 777 1663 quod
803 1604 1027 1655 accessit,
1055 1617 1117 1646 ex
1145 1600 1401 1646 Gallorum
1427 1601 1613 1663 praeda
1638 1600 1733 1646 fuit

265 1686 650 1750 detractumque
676 1688 739 1733 ab
765 1691 820 1733 iis
846 1690 896 1732 in
920 1695 1066 1749 parte
1091 1694 1272 1750 captae
1297 1688 1430 1734 urbis
1453 1687 1733 1734 delubris-

268 1773 435 1819 Gallos
471 1790 583 1820 cum
620 1791 739 1820 auro
775 1790 1000 1837 pugnare
1037 1774 1204 1821 solitos
1240 1774 1519 1837 Torquatus
1554 1774 1732 1821 indicio

267 1868 433 1915 est—3
489 1869 699 1923 apparet
738 1878 856 1924 ergo
895 1862 1149 1908 Gallorum
1187 1862 1587 1925 templorumque
1623 1869 1732 1908 tan-

268 1948 473 1994 tundem
544 1965 634 1994 nec
698 1952 907 2010 amplius
971 1949 1136 1994 fuisse.
1220 1949 1352 2012 quod
1413 1948 1614 2011 quidem
1681 1952 1730 1994 in

583 2077 597 2100 1
626 2082 690 2116 est
711 2077 796 2116 cdd.
821 2081 902 2127 (est
922 2083 966 2117 et
987 2078 1040 2127 B)
1059 2094 1067 2117 :
1107 2083 1217 2117 esset
1239 2078 1440 2129 Mayhoff.

322 2276 338 2293 ⁰
364 2271 418 2310 Il.
438 2271 580 2310 XVII.
599 2274 663 2310 52.

325 2324 340 2348 ⁶
370 2325 514 2363 Victor
536 2338 636 2364 over
658 2325 730 2364 the
754 2325 883 2364 Gauls
906 2326 948 2364 in
971 2327 1049 2365 390
1073 2338 1154 2365 3.(3.

322 2384 335 2401 ⁰
363 2378 410 2416 T.
432 2378 615 2417 Manlius
635 2379 836 2417 obtained
859 2379 943 2417 this
963 2392 1160 2418 surname
1180 2379 1288 2418 from
1310 2379 1382 2418 the
1400 2379 1499 2430 gold
1520 2378 1727 2426 neoklace,

268 2438 436 2480 lomnes,
466 2431 598 2469 which
630 2432 679 2470 he
707 2432 810 2470 took
839 2433 946 2470 from
975 2446 999 2471 a
1027 2432 1134 2472 Gaul
1162 2433 1300 2471 whom
1329 2432 1380 2471 he
1406 2433 1502 2471 slew
1529 2433 1572 2472 in
1598 2433 1728 2484 single

268 2484 439 2522 ‹·ombat
459 2485 500 2522 in
521 2488 598 2524 360
622 2497 701 2524 Ex.

280 2575 325 2603 12
