1873 3020
200 613 252 651 46

201 1273 252 1310 47

199 1714 251 1751 48

543 189 779 237 PLINY:
832 191 1157 237 NATURAL
1205 191 1247 235 H
1258 190 1495 237 ISTORY

285 320 529 375 urguente
552 312 567 340 1
593 312 653 368 Q.
682 312 833 357 Fabio
860 311 1085 357 Maximo
1108 311 1354 357 dictatore
1378 328 1510 358 asses
1534 313 1749 360 unciales

284 385 418 439 facti,
464 385 750 447 placuitque
796 384 1055 431 denarium
1102 399 1180 429 xvl
1227 385 1414 431 assibus
1460 391 1750 447 permutari,

283 463 562 522 quinarium
594 461 800 513 octonis,
832 461 1118 504 sestertium
1151 462 1422 520 quaternis.
1489 462 1561 504 ita
1592 476 1669 505 res
1701 477 1747 522 p.

282 533 540 578 dimidium
584 531 775 577 lucrata
819 539 911 586 est,
955 535 1004 576 in
1046 531 1246 576 militari
1289 539 1461 577 tamen
1503 533 1750 594 stipendio

285 622 482 667 semper
527 605 757 651 denarius
804 621 893 665 pro
938 620 968 650 x
1013 605 1201 650 assibus
1247 604 1395 650 datus
1443 612 1533 651 est.
1601 613 1750 652 notae

282 682 476 741 argenti
517 677 657 724 fuere
696 679 844 740 bigae
884 685 1038 740 atque
1078 677 1380 741 quadrigae3
1437 678 1552 725 inde
1591 679 1748 742 bigati

283 752 666 815 quadrigatique
695 751 830 798 dicti.

349 826 471 872 Mox
501 825 612 888 lege
643 825 838 887 Papiria
871 827 1182 871 semunciarii
1215 841 1348 871 asses
1381 824 1516 871 facti.
1585 825 1749 873 Livius

283 900 473 945 Drusus
515 902 566 944 in
607 899 867 944 tribunatu
909 898 1073 960 plebei
1117 905 1345 944 octavam
1386 906 1583 960 partem
1624 903 1749 945 aeris

282 979 491 1035 argento
515 976 727 1018 miscuit.
795 975 851 1027 is,
877 975 959 1034 qui
985 989 1115 1018 nunc
1139 974 1426 1018 victoriatus
1452 972 1750 1034 appellatur,

283 1046 393 1108 lege
412 1046 584 1092 Clodia
602 1062 861 1107 percussus
882 1052 986 1099 est3
1022 1051 1174 1091 antea
1193 1048 1324 1090 enim
1344 1044 1424 1108 hic
1439 1063 1668 1092 nummus
1689 1063 1749 1092 ex

286 1119 478 1182 Illyrico
506 1119 743 1165 advectus
772 1122 946 1164 mercis
976 1118 1081 1164 loco
1109 1117 1406 1164 habebatur.
1476 1126 1552 1165 est
1579 1127 1749 1166 autem

281 1196 505 1255 signatus
532 1192 767 1247 Victoria,
796 1199 847 1238 et
873 1192 989 1238 inde
1016 1209 1213 1238 nomen.

348 1266 542 1311 Aureus
592 1282 821 1311 nummus
871 1272 984 1327 post
1032 1282 1185 1311 annos
1234 1280 1279 1310 LI
1300 1265 1318 1294 2
1366 1282 1624 1327 percussus
1674 1275 1749 1312 est

282 1356 431 1402 quam
464 1346 733 1402 argenteus
766 1342 855 1394 ita,
889 1346 944 1384 ut
976 1339 1242 1400 scripulum
1276 1339 1464 1385 valeret
1495 1344 1749 1386 sestertios

281 1412 516 1465 vicenos‚3
535 1413 667 1475 quod
694 1412 926 1458 effectum
941 1411 961 1440 4
985 1415 1035 1457 in
1059 1412 1218 1458 librali
1233 1412 1252 1440 5
1271 1415 1465 1458 ratione
1489 1415 1749 1468 sestertii‚⁶

282 1490 363 1548 qui
397 1493 516 1532 tunc
550 1493 675 1541 erat,
705 1485 854 1532 cccc.7
922 1493 1099 1547 postea
1126 1485 1315 1547 placuit
1347 1487 1385 1532 Χ
1416 1501 1540 1532 xxxx
1567 1490 1749 1549 signari

282 1577 343 1605 ex
371 1563 475 1605 auri
503 1560 653 1614 libris,
682 1559 1026 1621 paulatimque
1054 1562 1298 1621 principes
1327 1562 1603 1606 inminuere
1631 1577 1750 1622 pon·

280 1633 388 1687 duS‚
415 1640 467 1679 et
492 1636 795 1679 novisissime
822 1632 954 1678 Nero
979 1633 1043 1678 ad
1067 1648 1237 1678 xxxxv.

345 1706 478 1752 XIV.
516 1705 614 1752 Sed
647 1723 675 1751 a
709 1723 911 1752 nummo
944 1709 1103 1768 prima
1125 1709 1262 1768 origo
1285 1709 1524 1752 avaritiae
1546 1706 1749 1753 faenore

282 1783 568 1842 excogitato
616 1787 1018 1842 quaestuosaque
1064 1782 1309 1842 segnitia3
1369 1795 1460 1825 nec
1505 1780 1748 1842 paulatim

281 1857 467 1899 exarsit
483 1853 620 1899 rabie
639 1853 856 1915 quadam
874 1869 972 1898 non
988 1855 1087 1898 iam
1105 1855 1330 1907 avaritia,
1347 1853 1435 1898 sed
1451 1852 1609 1899 fames
1627 1857 1748 1906 auri,

348 1978 362 2001 1
394 1982 598 2028 urguente
636 1978 685 2023 B,
725 1977 784 2017 cd.
824 1978 922 2016 Par.
963 1979 1095 2016 6801:
1154 1981 1361 2029 urguente
1401 1978 1592 2017 Marcum
1632 1979 1745 2018 rell.:

292 2038 494 2081 urguente
519 2032 708 2070 Marcum
733 2031 966 2070 Minucium
991 2031 1163 2070 Brotier.

346 2086 360 2108 2
391 2095 432 2123 LI
460 2085 522 2124 B:
565 2095 661 2123 an
687 2085 770 2123 rell.

344 2139 360 2161 ³
391 2139 605 2177 sestertios
624 2139 792 2176 vicenos
813 2138 993 2177 Brotier:
1029 2137 1246 2176 sestertius
1263 2137 1435 2176 vicenus
1454 2143 1525 2177 aut
1545 2139 1748 2177 sestertiis

292 2192 448 2230 vicenis
472 2192 683 2241 (sestertio
707 2192 770 2231 B:
815 2191 971 2230 viciens
995 2191 1051 2229 Β1
1071 2207 1079 2230 :
1122 2191 1294 2229 vincens
1318 2191 1405 2240 B2).

346 2245 361 2268 ‘²
392 2246 590 2284 effectum
622 2245 676 2284 K.
709 2244 753 2283 C.
783 2245 950 2293 Baz'ley:
985 2245 1113 2283 efficit
1142 2244 1191 2290 Β,
1222 2244 1282 2283 cd.
1313 2244 1410 2283 Par.
1443 2245 1569 2284 6801:
1608 2245 1746 2284 effecit

292 2299 373 2337 rell.

347 2350 362 2374 ⁵
390 2351 528 2390 librali
555 2351 617 2390 B:
663 2351 791 2389 libras
818 2351 930 2389 rem:
974 2350 1126 2388 libram
1157 2350 1357 2401 Mayhoff.

348 2405 364 2428 ⁸
395 2405 635 2443 sestertium
666 2404 853 2443 Urlichs:
896 2405 1185 2442 sestertiorum
1210 2404 1443 2443 Caesarius.

347 2458 362 2482 ⁷
394 2463 485 2496 crat
508 2459 566 2496 cd.
593 2459 687 2496 Par.
716 2460 843 2496 6801:
881 2463 1002 2495 erant
1026 2458 1133 2496 rell.:
1169 2469 1262 2494 cccc
1291 2458 1348 2496 B:
1385 2468 1413 2495 D
1435 2458 1636 2509 nongenti
1662 2458 1744 2498 rell.

293 2513 525 2559 <sestertios
548 2522 685 2550 DCCCC
707 2511 767 2550 od.
789 2512 886 2549 Par.
910 2513 1032 2559 6801)
1053 2527 1060 2549 :
1098 2511 1209 2549 υανία
1231 2510 1413 2550 editores.

290 2589 347 2649 38
