1899 3015
846 687 1038 733 LIBER
1090 686 1274 733 XXXV

399 815 435 861 Ι.
475 815 812 866 Metallorum,
873 817 1050 877 quibus
1108 832 1226 877 opes
1285 823 1532 870 constant,
1591 816 1794 879 adgnas-

330 885 650 944 centiumque
703 886 756 928 iis
807 890 983 928 natura
1034 882 1249 928 indicata
1299 882 1653 944 propemodum
1705 891 1795 933 est,

333 952 399 994 ita
458 952 655 994 conexis
716 950 877 1003 rebus,
937 956 991 995 ut
1051 952 1289 995 immensa
1347 949 1622 995 medicinae
1679 950 1794 995 silva

328 1016 731 1077 officinarumque
766 1017 1006 1061 tenebrae
1042 1023 1094 1062 et
1127 1032 1320 1061 morosa
1353 1016 1573 1062 caelandi
1611 1016 1792 1079 fingen-

329 1083 478 1144 dique
541 1099 596 1128 ac
659 1083 917 1144 tinguendi
982 1082 1229 1128 subtilitas
1291 1082 1434 1128 simul
1497 1083 1794 1129 dicerentur.

331 1156 519 1194 restant
568 1156 731 1195 terrae
782 1152 930 1211 ipsius
979 1165 1164 1212 genera
1214 1149 1534 1211 lapidumque
1584 1149 1658 1195 vel
1710 1167 1793 1196 nu-

328 1216 622 1261 merosiore¹
658 1216 823 1270 serie,2
855 1215 1074 1278 plurimis
1108 1216 1301 1278 singula
1333 1216 1395 1261 a3
1429 1216 1630 1262 Graecis
1658 1233 1792 1278 prae-

329 1285 470 1343 cipue
515 1282 840 1328 voluminibus
882 1290 1112 1328 tractata.
1183 1300 1269 1328 nos
1311 1285 1360 1328 in
1400 1285 1456 1328 iis
1498 1283 1794 1329 brevitatem

325 1365 590 1410 sequemur
629 1350 798 1395 utilem
839 1353 1086 1402 instituto,
1125 1350 1271 1395 modo
1309 1349 1427 1394 nihil
1465 1353 1795 1396 necessarium

281 1423 303 1459 2
327 1422 413 1461 aut
451 1416 676 1461 naturale
713 1419 1021 1467 omittentes.v
1060 1419 1374 1478 primumque
1412 1415 1631 1462 dicemus
1668 1433 1795 1479 quae

329 1489 520 1528 restant
553 1483 615 1528 de
649 1485 858 1544 pictura.
893 1490 999 1528 arte
1034 1483 1281 1544 quondam
1317 1482 1652 1528 nobili—tunc
1684 1500 1793 1529 cum

323 1556 646 1610 expeteretur
676 1550 872 1612 regibus
902 1550 1311 1611 populisque—et
1342 1549 1459 1594 alios
1484 1549 1795 1604 nobilitante,

323 1632 443 1677 quos
487 1623 617 1661 esset
658 1616 863 1678 dignata
907 1619 1114 1678 posteris
1159 1616 1373 1670 tradere,
1416 1632 1544 1661 nunc
1587 1633 1700 1662 vero
1746 1621 1793 1662 in

325 1689 483 1728 totum
520 1684 844 1728 marmoribus
881 1683 1035 1744 pulsa,
1073 1686 1167 1727 iam
1205 1682 1404 1744 quidem
1442 1689 1494 1728 et
1535 1699 1670 1735 auro,
1706 1700 1796 1729 nec

323 1756 517 1794 tantum
541 1757 595 1794 ut
620 1753 835 1810 parietes
856 1752 948 1795 toti
970 1753 1272 1811 operiantur,
1289 1765 1459 1794 verum
1480 1756 1531 1794 et
1556 1752 1794 1797 interraso

323 1832 563 1861 marmore
632 1816 1061 1877 vermiculatisque
1128 1816 1188 1862 ad
1254 1816 1439 1878 effigies
1515 1832 1675 1861 rerum
1743 1824 1793 1863 et

279 1891 298 1925 3
323 1882 607 1928 animalium
632 1886 821 1928 crustis.
892 1900 987 1927 non
1013 1882 1210 1944 placent
1235 1885 1331 1927 iarn
1359 1883 1496 1928 abaci
1523 1898 1612 1928 nec
1634 1886 1794 1944 spatia

321 1956 514 1994 montes
535 1952 583 1994 in
603 1949 826 1995 cubiculo
846 1949 1107 1994 dilatantia
1126 1966 1134 1994 :
1154 1950 1172 1978 4
1202 1952 1453 2010 coepimus
1474 1955 1525 1994 et
1545 1948 1756 2010 lapidem
1774 1950 1792 1977 5

320 2018 537 2078 pingere.
607 2015 697 2061 hoc
734 2016 922 2062 Claudii
962 2019 1240 2078 principatu
1277 2019 1551 2069 inventum,
1586 2015 1792 2062 Neronis

401 2142 411 2164 ¹
440 2145 725 2181 numerosiore
748 2145 894 2181 (λείων.
937 2143 1253 2181 numerosiores.

397 2195 410 2216 ²
438 2196 540 2234 serie
566 2196 714 2235 Θείρης
759 2196 889 2234 seriae
915 2196 978 2234 B:
1023 2195 1106 2234 erie
1130 2202 1202 2234 aut
1227 2195 1364 2235 aeriae
1387 2202 1459 2234 aut
1483 2209 1578 2235 svm.
1605 2196 1675 2234 rell

400 2249 410 2270 ³
437 2263 462 2288 a
476 2249 653 2299 fortasse
674 2249 888 2288 delendum
911 2249 1156 2299 (JlIayhoff).

395 2304 411 2326 ⁴
438 2302 618 2340 dilatata
648 2303 753 2341 coni.
783 2303 891 2341 Ian:
937 2302 1124 2341 dilatant
1150 2302 1233 2340 iam
1261 2301 1480 2352 Detlefsen.

398 2356 408 2377 ³
440 2356 621 2407 lapidem
648 2356 706 2394 cd.
734 2356 831 2394 Par.
860 2357 951 2394 Lat.
976 2357 1095 2402 6797,
1122 2355 1181 2394 cd.
1207 2356 1305 2394 Par.
1333 2356 1461 2394 6801:
1494 2353 1633 2406 lapide
1655 2356 1737 2395 rell.

376 2509 392 2526 ‘²
421 2503 521 2542 This
544 2503 771 2543 translates
801 2503 992 2553 lapidem.
1053 2502 1098 2541 If
1115 2517 1176 2542 we
1200 2503 1300 2542 read
1323 2502 1459 2553 lapide
1485 2502 1610 2542 ‘with
1639 2504 1786 2549 stone‚’

318 2557 440 2608 Pliny
462 2557 599 2596 would
621 2571 742 2597 mean
765 2571 789 2596 a
810 2557 912 2597 kind
933 2557 980 2596 of
995 2558 1164 2596 mosaic.
1227 2558 1314 2596 But
1334 2570 1403 2596 see
1423 2558 1462 2605 ἐξ
1486 2558 1574 2601 116,
1599 2559 1686 2596 118.

318 2637 404 2678 260
