1899 3015
195 493 270 530 140

195 892 265 930 141

194 1425 266 1464 142

194 1891 266 1929 143

557 226 798 272 PLINY:
857 227 1182 273 NATURAL
1228 227 1518 275 HISTORY

303 355 560 400 consulatu
591 362 735 400 extat
764 355 981 400 edictum
1012 359 1061 400 in
1090 355 1309 401 tumultu
1340 360 1470 402 necis
1501 355 1770 403 Clodianae

305 420 609 481 prohibentis
634 420 786 466 ullum
811 421 966 467 telum
991 437 1097 467 esse
1121 424 1169 467 in
1193 422 1329 468 urbe.

367 487 471 532 XL.
511 487 575 533 Et
623 504 699 532 ars
747 488 991 549 antiqua1
1039 491 1142 549 ipsa
1192 505 1288 534 non
1330 488 1491 534 defuit
1535 489 1768 535 honorem

304 556 549 599 mitiorem
579 553 764 599 habere
793 553 922 600 ferro
953 571 1163 616 quoque.
1234 555 1542 601 Aristonidas
1572 555 1770 611 artifex,

301 637 410 665 cum
448 624 724 681 exprimere
758 620 907 666 vellet
941 620 1261 666 Athamantis
1296 621 1510 667 furorem
1546 621 1768 668 Learcho

304 686 400 732 filio
426 690 754 748 praecipitato
778 687 1079 733 residentem
1105 691 1433 749 paenitentia,
1457 704 1540 734 aes
1565 687 1770 734 ferrum-

303 769 399 815 que
452 756 663 809 miscuit,
704 761 761 799 ut
812 755 1033 816 robigine
1087 757 1189 800 eius
1243 771 1331 816 per
1383 758 1593 800 nitorem
1645 759 1771 802 aeris

303 820 555 866 relucente
622 824 983 882 exprimeretur
1055 821 1379 867 verecundiae
1449 822 1611 868 rubor.
1680 821 1770 868 hoc

301 890 495 949 signum
524 894 691 933 exstat
727 887 871 933 hodie
909 886 1107 933 Rhodi.2
1175 895 1251 933 est
1286 891 1334 933 in
1363 888 1540 934 eadem
1566 888 1688 934 urbe
1719 896 1770 935 et

302 952 490 999 ferreus
541 953 797 1009 Hercules,
847 970 996 1016 quem
1046 953 1165 1000 fecit
1213 953 1369 1000 Alcon
1418 954 1641 1001 laborum
1689 955 1767 1001 dei

303 1023 547 1081 patientia
590 1020 834 1066 inductus.
905 1021 1125 1066 videmus
1169 1028 1221 1066 et
1263 1020 1449 1067 Romae
1491 1020 1700 1084 scyphos
1742 1037 1770 1067 e

302 1085 432 1132 ferro
484 1087 672 1132 dicatos
725 1090 775 1132 in
827 1087 1016 1149 templo
1071 1087 1249 1133 Martis
1304 1087 1505 1133 Ultoris.
1575 1088 1769 1134 obstitit

303 1153 479 1198 eadem
521 1161 730 1199 naturae
771 1154 1053 1216 benignitas
1096 1157 1340 1216 exigentis
1383 1154 1445 1199 ab
1486 1153 1616 1200 ferro
1666 1157 1770 1216 ipso

301 1236 484 1280 poenas
544 1221 766 1283 robigine
827 1221 1105 1283 eademque
1164 1221 1474 1282 providentia
1543 1220 1661 1267 nihil
1721 1224 1768 1266 in

303 1286 447 1331 rebus
521 1285 815 1332 mortalius3
886 1286 1153 1333 facientis4
1226 1304 1374 1349 quam
1441 1287 1573 1350 quod
1639 1295 1770 1334 esset

305 1352 677 1399 infestissimum
702 1353 1012 1399 mortalitati.

361 1419 494 1465 XLI.
534 1420 667 1465 Ferri
695 1419 896 1466 metalla
924 1421 1107 1482 ubique
1135 1420 1491 1481 propemodum
1520 1424 1770 1482 reperiun-

302 1493 398 1540 tur,
443 1490 626 1548 quippe
671 1494 723 1532 et
764 1487 902 1532 iam⁵
944 1487 1101 1533 insula
1146 1487 1322 1532 Italiae
1368 1487 1469 1532 Ilva
1511 1490 1769 1550 gignente,

302 1556 605 1615 minimaque
664 1553 956 1599 difficultate
1015 1553 1384 1616 adgnoscuntur
1443 1553 1604 1600 colore
1662 1557 1767 1615 ipso

303 1627 466 1665 terrae
506 1619 784 1666 manifesto.
853 1623 980 1666 ratio
1019 1621 1195 1666 eadem
1237 1620 1567 1682 excoquendis
1606 1623 1769 1675 venis3

303 1689 350 1730 in
377 1686 691 1747 Cappadocia
716 1694 915 1732 tantum
946 1691 1172 1748 quaestio
1203 1694 1295 1741 est,
1322 1703 1482 1749 aquae
1512 1703 1575 1732 an
1604 1693 1769 1732 terrae

303 1752 391 1798 fiat
449 1761 726 1815 acceptum,
787 1756 1019 1815 quoniam
1078 1752 1278 1815 perfusa
1339 1753 1563 1800 Ceraso⁶
1623 1753 1769 1799 fluvio

302 1826 436 1864 terra
494 1836 656 1882 neque
715 1819 859 1866 aliter
916 1819 1101 1866 ferrum
1161 1837 1187 1865 e
1245 1819 1524 1866 fornacibus
1582 1820 1761 1866 reddit.

300 1885 578 1932 differentia
613 1885 728 1932 ferri
765 1903 1040 1932 numerosa.
1110 1890 1267 1948 prima
1302 1890 1351 1932 in
1385 1902 1570 1949 genere
1604 1894 1768 1933 terrae

301 1952 514 1998 caelive:
582 1953 708 1999 aliae
758 1952 905 1999 molle
954 1960 1154 1999 tantum
1205 1953 1507 2016 plumboque
1557 1956 1766 1999 vicinum

363 2100 374 2122 ¹
406 2114 473 2139 ars
506 2101 683 2151 antiqua
719 2101 933 2152 Mayhoff:
987 2108 1131 2140 tamen
1164 2102 1318 2152 uiquea
1351 2101 1388 2139 B
1421 2103 1470 2151 (t.
1504 2101 1632 2152 uique
1664 2101 1762 2149 B²):

306 2159 449 2192 tamen
475 2155 564 2192 vita
588 2155 670 2193 rell.

361 2208 374 2230 ²
405 2207 527 2246 hodic
548 2207 667 2246 rhodi
686 2208 742 2246 B:
781 2207 983 2246 hodierno
1002 2208 1069 2246 die
1086 2208 1168 2247 rell.
1186 2224 1193 2246 :
1233 2207 1319 2246 h.d.
1341 2207 1496 2246 Thebis
1516 2206 1755 2247 Hardouinz

303 2260 457 2299 Thebis
480 2261 603 2299 hodie
626 2262 869 2300 Hermolaus
892 2262 1112 2300 Barbarus.

358 2315 372 2336 ³
404 2315 624 2352 mortalius
645 2315 682 2353 B
700 2331 707 2353 :
749 2315 999 2353 mortalibus
1020 2315 1102 2353 rell.

360 2369 376 2391 ⁴
410 2368 600 2406 facientis
630 2367 688 2406 cd.
719 2368 877 2417 deperd.
915 2369 1164 2418 Dalecamp:
1215 2367 1395 2406 faciente
1429 2367 1673 2416 (facientem
1705 2368 1765 2407 cd.

303 2420 401 2459 Par.
425 2423 544 2465 6801,
568 2421 626 2459 cd.
650 2421 762 2460 Leid.
801 2422 942 2469 Voss).

361 2474 376 2497 ⁵
405 2479 449 2513 et
471 2475 556 2512 iam
580 2475 635 2513 K.
662 2475 707 2513 C.
733 2475 905 2523 Bailey:
947 2475 1089 2513 etiam.

361 2528 376 2550 ⁸
407 2527 559 2566 Ceraso
588 2528 775 2566 Urlichs:
819 2534 944 2567 certor

299 2652 386 2698 ²30
