1899 3015
605 174 846 220 PLINY:
906 171 1233 219 NATURAL
1277 170 1567 219 HISTORY

354 302 530 365 figulus
577 305 760 363 primus
809 303 994 346 invenit
1040 299 1261 345 Corinthi
1309 299 1436 345 filiae
1481 315 1648 360 opera,
1693 315 1820 361 quae

354 382 500 437 capta
534 390 699 420 amore
734 377 938 427 iuvenis,
973 374 1191 418 abeunte
1223 372 1304 418 illo
1337 388 1563 435 peregre,
1596 373 1818 418 umbram

354 466 411 494 ex
452 448 575 493 facie
613 451 716 493 eius
753 448 811 492 ad
851 448 1098 492 lucernam
1135 449 1184 490 in
1219 448 1410 507 pariete
1446 445 1585 491 lineis
1620 448 1821 492 circum-

354 525 562 583 scripsit,
608 522 785 582 quibus
833 528 974 581 pater
1019 523 1122 565 eius
1166 522 1387 580 inpressa
1431 519 1601 581 argilla
1645 526 1822 582 typum

356 596 472 641 fecit
513 602 565 640 et
604 611 716 639 cum
758 596 935 639 ceteris
977 593 1206 638 fictilibus
1247 592 1532 638 induratum
1572 595 1674 655 igni
1715 609 1823 655 pro—

355 672 534 731 posuit,
596 683 811 729 eumque
872 673 1121 712 servatum
1184 669 1233 710 in
1294 665 1606 728 Nymphaeo,
1666 666 1823 712 donec

246 749 320 788 152
356 741 628 787 Mummius
669 740 960 786 Corinthum
1003 742 1255 793 everterit,
1295 739 1516 785 tradunt.
1585 747 1699 785 sunt
1740 743 1821 802 qui

354 818 401 860 in
426 814 571 859 Samo
596 817 775 875 primos
799 817 1015 858 omnium
1041 812 1281 874 plasticen
1304 815 1546 858 invenisse
1570 812 1822 859 Rhoecum

355 896 406 933 et
471 887 783 933 Theodorum
852 887 1049 932 tradant
1120 885 1275 931 multo
1342 893 1459 931 ante
1524 885 1823 932 Bacchiadas

355 961 591 1008 Corintho
632 961 813 1022 pulsos,
856 962 1184 1006 Damaratum
1227 975 1340 1004 vero
1382 975 1442 1004 ex
1485 959 1660 1005 eadem
1704 961 1822 1006 urbe

354 1034 635 1097 profugum,
669 1037 752 1096 qui
785 1037 835 1079 in
868 1034 1067 1079 Etruria
1099 1032 1419 1094 Tarquinium
1453 1048 1623 1095 regem
1657 1034 1822 1095 populi

355 1109 562 1154 Romani
595 1110 788 1170 genuit,
816 1110 1076 1153 comitatos
1107 1106 1300 1151 fictores
1330 1105 1559 1161 Euchira,
1589 1107 1822 1168 Diopum‚

356 1182 741 1244 Eugrammum3
813 1182 876 1226 ab
932 1184 987 1225 iis
1045 1180 1219 1225 ltaliae
1275 1180 1511 1225 traditam
1566 1181 1821 1242 plasticen.

357 1255 560 1300 Butadis
589 1257 847 1300 inventum
879 1261 955 1299 est
983 1254 1227 1299 rubricam
1258 1253 1440 1299 addere
1471 1260 1558 1299 aut
1587 1270 1647 1299 ex
1677 1255 1825 1300 rubra

355 1336 491 1374 creta
540 1328 744 1390 fingere,
793 1330 1079 1390 primusque
1130 1343 1361 1388 personas
1411 1327 1691 1389 tegularum
1741 1344 1824 1373 ex-

357 1405 526 1448 tremis
547 1402 829 1447 imbricibus
855 1403 1089 1462 inposuit,
1115 1417 1242 1462 quae
1268 1403 1398 1445 inter
1423 1403 1562 1446 initia
1587 1408 1825 1464 prostypa

357 1478 574 1529 vocavit3
615 1482 789 1536 postea
827 1475 958 1520 idem
986 1481 1167 1536 ectypa
1202 1473 1335 1519 fecit.
1405 1473 1516 1519 hinc
1543 1481 1595 1519 et
1626 1473 1825 1537 fastigia

358 1548 658 1610 templorum
684 1555 807 1594 Orta.
878 1554 1082 1609 propter
1106 1547 1236 1592 hunc
1261 1546 1452 1608 plastae
1479 1547 1730 1609 appellati.

251 1630 323 1667 153
420 1622 598 1667 XLIV.
638 1622 862 1667 Hominis
907 1628 1076 1667 autem
1119 1624 1386 1683 imaginem
1429 1637 1587 1683 gypso
1630 1637 1657 1666 e
1699 1620 1824 1667 facie

357 1699 460 1757 ipsa
518 1699 703 1757 primus
761 1698 979 1740 omnium
1039 1697 1282 1756 expressit
1338 1710 1550 1755 ceraque
1607 1697 1655 1739 in
1714 1711 1824 1740 eam

357 1769 565 1814 formam
598 1772 741 1831 gypsi
776 1767 936 1813 infusa
970 1768 1236 1813 emendare
1270 1770 1485 1813 instituit
1520 1767 1824 1830 Lysistratus

357 1841 628 1905 Sicyonius,
668 1842 822 1887 frater
863 1842 1083 1904 Lysippi,
1123 1841 1185 1886 de
1225 1858 1322 1902 quo
1361 1841 1588 1887 diximus.
1657 1841 1733 1887 hic
1772 1849 1825 1888 et

356 1915 737 1961 similitudines¹
788 1915 996 1960 reddere
1043 1917 1286 1968 instituit3
1350 1921 1467 1960 ante
1515 1930 1627 1960 eum
1675 1931 1823 1977 quam

423 2023 434 2045 ¹
467 2022 767 2061 similitudines
798 2022 945 2071 Sillz'q:
987 2021 1253 2059 similitudini
1285 2022 1391 2060 coni.
1425 2021 1641 2072 illayhoff:
1680 2022 1822 2061 simili-

362 2076 523 2114 tudinis
547 2077 610 2114 B:
654 2075 976 2114 similitudinem
1000 2076 1083 2113 rell.

415 2190 431 2206 ‘¹
461 2182 771 2233 Traditionally
812 2183 914 2234 they
945 2182 1145 2222 invented
1176 2183 1248 2221 the
1281 2187 1349 2221 art
1380 2182 1427 2221 of
1455 2183 1618 2234 casting
1653 2183 1819 2230 bronze,

351 2243 426 2276 not
453 2238 500 2275 of
524 2238 695 2287 making
716 2242 827 2275 ‹easts
846 2237 889 2275 in
909 2237 1015 2287 clay.

415 2290 430 2315 ⁶
461 2291 519 2330 Of
540 2291 656 2329 these
682 2290 884 2329 fictitious
909 2303 1054 2328 names
1080 2290 1255 2328 Eacheir
1275 2302 1418 2328 means
1440 2289 1822 2336 ‘skilful-handed‚‘

361 2345 444 2383 and
467 2345 740 2392 Euqra‘tmnus
761 2344 769 2359 ‘
786 2343 933 2382 skilled
955 2343 1142 2382 drawcr.'
1183 2344 1344 2392 Dz'opu.s
1361 2343 1497 2381 would
1522 2343 1571 2382 be
1592 2344 1820 2383 connected

362 2398 464 2436 with
485 2397 663 2448 δίοπτρα,
685 2410 739 2435 an
760 2397 1015 2436 instrument
1035 2397 1099 2435 for
1118 2396 1266 2447 taking
1286 2396 1425 2435 levels.

421 2458 434 2474 ¹*
464 2451 513 2489 In
536 2452 613 2489 low
635 2450 763 2489 relies.

416 2504 433 2527 '³
466 2505 510 2542 ln
531 2505 627 2555 high
647 2504 772 2543 relies.

358 2581 443 2626 372
