<?xml version="1.0" encoding="UTF-8"?>
<!DOCTYPE html PUBLIC "-//W3C//DTD XHTML 1.0 Transitional//EN"
    "http://www.w3.org/TR/xhtml1/DTD/xhtml1-transitional.dtd">
<html xmlns="http://www.w3.org/1999/xhtml" xml:lang="en" lang="en">
 <head>
  <title>
</title>
<meta http-equiv="Content-Type" content="text/html;charset=utf-8" />
  <meta name='ocr-system' content='tesseract 3.04.00' />
  <meta name='ocr-capabilities' content='ocr_page ocr_carea ocr_par ocr_line ocrx_word'/>
</head>
<body>
  <div class='ocr_page' id='page_1' title='image "./naturalhistory09plinuoft/naturalhistory09plinuoft_0344.png"; bbox 0 0 1899 3015; ppageno 0'>
   <div class='ocr_carea' id='block_1_1' title="bbox 589 188 1552 236">
    <p class='ocr_par' dir='ltr' id='par_1_1' title="bbox 589 188 1552 236">
     <span class='ocr_line' id='line_1_1' title="bbox 589 188 1552 236; baseline 0.002 -2"><span class='ocrx_word' id='word_1_1' title='bbox 589 188 830 234; x_wconf 89' lang='lat' dir='ltr'>PLINY:</span> <span class='ocrx_word' id='word_1_2' title='bbox 889 189 1216 235; x_wconf 90' lang='lat' dir='ltr'>NATURAL</span> <span class='ocrx_word' id='word_1_3' title='bbox 1258 190 1552 236; x_wconf 88' lang='lat' dir='ltr'>HISTORY</span> 
     </span>
    </p>
   </div>
   <div class='ocr_carea' id='block_1_2' title="bbox 242 314 1804 1711">
    <p class='ocr_par' dir='ltr' id='par_1_2' title="bbox 329 314 1804 910">
     <span class='ocr_line' id='line_1_2' title="bbox 331 314 1804 378; baseline 0.002 -17"><span class='ocrx_word' id='word_1_4' title='bbox 331 332 460 378; x_wconf 92' lang='lat' dir='ltr'>equo</span> <span class='ocrx_word' id='word_1_5' title='bbox 507 315 740 361; x_wconf 84' lang='lat' dir='ltr'>adversus</span> <span class='ocrx_word' id='word_1_6' title='bbox 794 314 984 370; x_wconf 82' lang='lat' dir='ltr'>Persas,</span> <span class='ocrx_word' id='word_1_7' title='bbox 1031 315 1330 361; x_wconf 83' lang='lat' dir='ltr'>Archelaum</span> <span class='ocrx_word' id='word_1_8' title='bbox 1382 333 1493 362; x_wconf 92' lang='lat' dir='ltr'>cum</span> <span class='ocrx_word' id='word_1_9' title='bbox 1546 334 1699 364; x_wconf 84' lang='lat' dir='ltr'>uxore</span> <span class='ocrx_word' id='word_1_10' title='bbox 1752 326 1804 364; x_wconf 85' lang='lat' dir='ltr'>et</span> 
     </span>
     <span class='ocr_line' id='line_1_3' title="bbox 332 381 1801 445; baseline 0.002 -18"><span class='ocrx_word' id='word_1_11' title='bbox 332 383 446 435; x_wconf 83' lang='lat' dir='ltr'>filia,</span> <span class='ocrx_word' id='word_1_12' title='bbox 479 383 787 445; x_wconf 86' lang='lat' dir='ltr'>Antigonum</span> <span class='ocrx_word' id='word_1_13' title='bbox 820 381 1133 428; x_wconf 88' lang='lat' dir='ltr'>thoracatum</span> <span class='ocrx_word' id='word_1_14' title='bbox 1166 399 1275 428; x_wconf 89' lang='lat' dir='ltr'>cum</span> <span class='ocrx_word' id='word_1_15' title='bbox 1310 399 1438 444; x_wconf 90' lang='lat' dir='ltr'>equo</span> <span class='ocrx_word' id='word_1_16' title='bbox 1470 384 1801 430; x_wconf 88' lang='lat' dir='ltr'>incedentem.</span> 
     </span>
     <span class='ocr_line' id='line_1_4' title="bbox 332 448 1803 512; baseline 0.003 -19"><span class='ocrx_word' id='word_1_17' title='bbox 332 452 590 511; x_wconf 72' lang='lat' dir='ltr'>peritiores</span> <span class='ocrx_word' id='word_1_18' title='bbox 639 452 757 494; x_wconf 91' lang='lat' dir='ltr'>artis</span> <span class='ocrx_word' id='word_1_19' title='bbox 806 448 1096 510; x_wconf 90' lang='lat' dir='ltr'>praeferunt</span> <span class='ocrx_word' id='word_1_20' title='bbox 1143 450 1370 494; x_wconf 91' lang='lat' dir='ltr'>omnibus</span> <span class='ocrx_word' id='word_1_21' title='bbox 1423 453 1526 495; x_wconf 90' lang='lat' dir='ltr'>eius</span> <span class='ocrx_word' id='word_1_22' title='bbox 1573 452 1803 512; x_wconf 82' lang='lat' dir='ltr'>operibus</span> 
     </span>
     <span class='ocr_line' id='line_1_5' title="bbox 331 515 1803 577; baseline 0.002 -17"><span class='ocrx_word' id='word_1_23' title='bbox 331 516 546 561; x_wconf 89' lang='lat' dir='ltr'>eundem</span> <span class='ocrx_word' id='word_1_24' title='bbox 582 532 750 577; x_wconf 82' lang='lat' dir='ltr'>regem</span> <span class='ocrx_word' id='word_1_25' title='bbox 785 515 1046 561; x_wconf 78' lang='lat' dir='ltr'>sedentem</span> <span class='ocrx_word' id='word_1_26' title='bbox 1080 519 1129 560; x_wconf 89' lang='lat' dir='ltr'>in</span> <span class='ocrx_word' id='word_1_27' title='bbox 1164 532 1292 577; x_wconf 91' lang='lat' dir='ltr'>equo</span> <span class='ocrx_word' id='word_1_28' title='bbox 1327 524 1378 562; x_wconf 93' lang='lat' dir='ltr'>et</span> <span class='ocrx_word' id='word_1_29' title='bbox 1413 516 1628 563; x_wconf 82' lang='lat' dir='ltr'>Dianam</span> <span class='ocrx_word' id='word_1_30' title='bbox 1660 521 1803 563; x_wconf 87' lang='lat' dir='ltr'>sacri-</span> 
     </span>
     <span class='ocr_line' id='line_1_6' title="bbox 330 581 1804 644; baseline 0.002 -17"><span class='ocrx_word' id='word_1_31' title='bbox 330 582 584 627; x_wconf 84' lang='lat' dir='ltr'>ficantium</span> <span class='ocrx_word' id='word_1_32' title='bbox 636 585 879 644; x_wconf 73' lang='lat' dir='ltr'>virginum</span> <span class='ocrx_word' id='word_1_33' title='bbox 930 581 1077 627; x_wconf 90' lang='lat' dir='ltr'>choro</span> <span class='ocrx_word' id='word_1_34' title='bbox 1127 585 1354 637; x_wconf 80' lang='lat' dir='ltr'>mixtam,</span> <span class='ocrx_word' id='word_1_35' title='bbox 1406 584 1583 644; x_wconf 88' lang='lat' dir='ltr'>quibus</span> <span class='ocrx_word' id='word_1_36' title='bbox 1634 587 1804 630; x_wconf 91' lang='lat' dir='ltr'>vicisse</span> 
     </span>
     <span class='ocr_line' id='line_1_7' title="bbox 331 649 1804 712; baseline 0.002 -19"><span class='ocrx_word' id='word_1_37' title='bbox 331 649 534 694; x_wconf 86' lang='lat' dir='ltr'>Homeri</span> <span class='ocrx_word' id='word_1_38' title='bbox 563 665 730 694; x_wconf 86' lang='lat' dir='ltr'>versus</span> <span class='ocrx_word' id='word_1_39' title='bbox 758 649 954 694; x_wconf 88' lang='lat' dir='ltr'>videtur</span> <span class='ocrx_word' id='word_1_40' title='bbox 973 649 1021 694; x_wconf 91' lang='lat' dir='ltr'>id</span> <span class='ocrx_word' id='word_1_41' title='bbox 1048 651 1209 710; x_wconf 90' lang='lat' dir='ltr'>ipsum</span> <span class='ocrx_word' id='word_1_42' title='bbox 1235 649 1574 695; x_wconf 83' lang='lat' dir='ltr'>describentis.</span> <span class='ocrx_word' id='word_1_43' title='bbox 1643 653 1804 712; x_wconf 82' lang='lat' dir='ltr'>pinxit</span> 
     </span>
     <span class='ocr_line' id='line_1_8' title="bbox 331 715 1803 779; baseline 0.001 -19"><span class='ocrx_word' id='word_1_44' title='bbox 331 722 383 761; x_wconf 88' lang='lat' dir='ltr'>et</span> <span class='ocrx_word' id='word_1_45' title='bbox 424 731 553 776; x_wconf 89' lang='lat' dir='ltr'>quae</span> <span class='ocrx_word' id='word_1_46' title='bbox 595 719 729 777; x_wconf 77' lang='lat' dir='ltr'>pingi</span> <span class='ocrx_word' id='word_1_47' title='bbox 772 732 869 760; x_wconf 92' lang='lat' dir='ltr'>non</span> <span class='ocrx_word' id='word_1_48' title='bbox 910 722 1135 777; x_wconf 83' lang='lat' dir='ltr'>possunt,</span> <span class='ocrx_word' id='word_1_49' title='bbox 1176 718 1414 770; x_wconf 89' lang='lat' dir='ltr'>tonitrua,</span> <span class='ocrx_word' id='word_1_50' title='bbox 1455 715 1673 779; x_wconf 83' lang='lat' dir='ltr'>fulgetra</span> <span class='ocrx_word' id='word_1_51' title='bbox 1713 716 1803 763; x_wconf 88' lang='lat' dir='ltr'>ful-</span> 
     </span>
     <span class='ocr_line' id='line_1_9' title="bbox 329 782 1801 844; baseline 0.001 -17"><span class='ocrx_word' id='word_1_52' title='bbox 329 797 581 844; x_wconf 79' lang='lat' dir='ltr'>guraque3</span> <span class='ocrx_word' id='word_1_53' title='bbox 667 782 904 836; x_wconf 87' lang='lat' dir='ltr'>Bronten,</span> <span class='ocrx_word' id='word_1_54' title='bbox 971 782 1222 844; x_wconf 92' lang='lat' dir='ltr'>Astrapen</span> <span class='ocrx_word' id='word_1_55' title='bbox 1291 789 1343 828; x_wconf 91' lang='lat' dir='ltr'>et</span> <span class='ocrx_word' id='word_1_56' title='bbox 1409 782 1801 829; x_wconf 82' lang='lat' dir='ltr'>Ceraunobolian</span> 
     </span>
     <span class='ocr_line' id='line_1_10' title="bbox 331 848 600 910; baseline -0.004 -16"><span class='ocrx_word' id='word_1_57' title='bbox 331 848 600 910; x_wconf 87' lang='lat' dir='ltr'>appellant.</span> 
     </span>
    </p>

    <p class='ocr_par' dir='ltr' id='par_1_3' title="bbox 242 914 1803 1561">
     <span class='ocr_line' id='line_1_11' title="bbox 242 914 1802 976; baseline 0.001 -15"><span class='ocrx_word' id='word_1_58' title='bbox 242 922 292 961; x_wconf 85' lang='lat'>97</span> <span class='ocrx_word' id='word_1_59' title='bbox 394 915 605 960; x_wconf 87' lang='lat' dir='ltr'>Inventa</span> <span class='ocrx_word' id='word_1_60' title='bbox 645 918 749 960; x_wconf 92' lang='lat' dir='ltr'>eius</span> <span class='ocrx_word' id='word_1_61' title='bbox 790 922 840 960; x_wconf 87' lang='lat' dir='ltr'>et</span> <span class='ocrx_word' id='word_1_62' title='bbox 880 918 1058 960; x_wconf 90' lang='lat' dir='ltr'>ceteris</span> <span class='ocrx_word' id='word_1_63' title='bbox 1098 914 1328 976; x_wconf 85' lang='lat' dir='ltr'>profuere</span> <span class='ocrx_word' id='word_1_64' title='bbox 1367 917 1417 960; x_wconf 93' lang='lat' dir='ltr'>in</span> <span class='ocrx_word' id='word_1_65' title='bbox 1456 922 1592 969; x_wconf 84' lang='lat' dir='ltr'>arte3</span> <span class='ocrx_word' id='word_1_66' title='bbox 1650 933 1802 962; x_wconf 91' lang='lat' dir='ltr'>unum</span> 
     </span>
     <span class='ocr_line' id='line_1_12' title="bbox 329 981 1803 1043; baseline 0.002 -17"><span class='ocrx_word' id='word_1_67' title='bbox 329 985 509 1027; x_wconf 88' lang='lat' dir='ltr'>imitari</span> <span class='ocrx_word' id='word_1_68' title='bbox 540 998 685 1027; x_wconf 92' lang='lat' dir='ltr'>nemo</span> <span class='ocrx_word' id='word_1_69' title='bbox 714 984 896 1042; x_wconf 89' lang='lat' dir='ltr'>potuit,</span> <span class='ocrx_word' id='word_1_70' title='bbox 925 982 1058 1043; x_wconf 91' lang='lat' dir='ltr'>quod</span> <span class='ocrx_word' id='word_1_71' title='bbox 1087 981 1314 1027; x_wconf 88' lang='lat' dir='ltr'>absoluta</span> <span class='ocrx_word' id='word_1_72' title='bbox 1342 998 1493 1043; x_wconf 93' lang='lat' dir='ltr'>opera</span> <span class='ocrx_word' id='word_1_73' title='bbox 1521 989 1803 1029; x_wconf 88' lang='lat' dir='ltr'>atramento</span> 
     </span>
     <span class='ocr_line' id='line_1_13' title="bbox 328 1048 1802 1110; baseline 0.001 -16"><span class='ocrx_word' id='word_1_74' title='bbox 328 1048 570 1094; x_wconf 87' lang='lat' dir='ltr'>inlinebat</span> <span class='ocrx_word' id='word_1_75' title='bbox 597 1052 667 1093; x_wconf 90' lang='lat' dir='ltr'>ita</span> <span class='ocrx_word' id='word_1_76' title='bbox 694 1051 852 1102; x_wconf 91' lang='lat' dir='ltr'>tenui,</span> <span class='ocrx_word' id='word_1_77' title='bbox 880 1055 936 1093; x_wconf 92' lang='lat' dir='ltr'>ut</span> <span class='ocrx_word' id='word_1_78' title='bbox 962 1048 1011 1093; x_wconf 94' lang='lat' dir='ltr'>id</span> <span class='ocrx_word' id='word_1_79' title='bbox 1038 1051 1217 1109; x_wconf 90' lang='lat' dir='ltr'>ipsum,</span> <span class='ocrx_word' id='word_1_80' title='bbox 1245 1065 1356 1093; x_wconf 87' lang='lat' dir='ltr'>cum</span> <span class='ocrx_word' id='word_1_81' title='bbox 1377 1048 1395 1076; x_wconf 85' lang='lat'>1</span> <span class='ocrx_word' id='word_1_82' title='bbox 1422 1064 1764 1110; x_wconf 90' lang='lat' dir='ltr'>repercussum</span> <span class='ocrx_word' id='word_1_83' title='bbox 1784 1050 1802 1079; x_wconf 84' lang='lat'>2</span> 
     </span>
     <span class='ocr_line' id='line_1_14' title="bbox 327 1115 1798 1162; baseline 0.001 -2"><span class='ocrx_word' id='word_1_84' title='bbox 327 1115 579 1160; x_wconf 87' lang='lat' dir='ltr'>claritates</span> <span class='ocrx_word' id='word_1_85' title='bbox 600 1115 618 1143; x_wconf 86' lang='lat'><strong>3</strong></span> <span class='ocrx_word' id='word_1_86' title='bbox 683 1115 901 1160; x_wconf 90' lang='lat' dir='ltr'>colorum</span> <span class='ocrx_word' id='word_1_87' title='bbox 923 1115 943 1143; x_wconf 83' lang='lat'>4</span> <span class='ocrx_word' id='word_1_88' title='bbox 1009 1118 1229 1160; x_wconf 90' lang='lat' dir='ltr'>omnium</span> <span class='ocrx_word' id='word_1_89' title='bbox 1250 1115 1269 1143; x_wconf 88' lang='lat'><strong>⁵</strong></span> <span class='ocrx_word' id='word_1_90' title='bbox 1330 1118 1574 1161; x_wconf 85' lang='lat' dir='ltr'>excitaret</span> <span class='ocrx_word' id='word_1_91' title='bbox 1637 1124 1798 1162; x_wconf 90' lang='lat' dir='ltr'>custo-</span> 
     </span>
     <span class='ocr_line' id='line_1_15' title="bbox 331 1181 1801 1243; baseline 0.001 -16"><span class='ocrx_word' id='word_1_92' title='bbox 331 1182 562 1243; x_wconf 87' lang='lat' dir='ltr'>diretque</span> <span class='ocrx_word' id='word_1_93' title='bbox 590 1197 618 1226; x_wconf 91' lang='lat' dir='ltr'>a</span> <span class='ocrx_word' id='word_1_94' title='bbox 644 1181 847 1243; x_wconf 84' lang='lat' dir='ltr'>pulvere</span> <span class='ocrx_word' id='word_1_95' title='bbox 875 1188 928 1227; x_wconf 89' lang='lat' dir='ltr'>et</span> <span class='ocrx_word' id='word_1_96' title='bbox 956 1181 1197 1235; x_wconf 83' lang='lat' dir='ltr'>sordibuS,</span> <span class='ocrx_word' id='word_1_97' title='bbox 1225 1182 1287 1227; x_wconf 91' lang='lat' dir='ltr'>ad</span> <span class='ocrx_word' id='word_1_98' title='bbox 1313 1198 1516 1227; x_wconf 90' lang='lat' dir='ltr'>manum</span> <span class='ocrx_word' id='word_1_99' title='bbox 1543 1185 1759 1229; x_wconf 89' lang='lat' dir='ltr'>intuenti</span> <span class='ocrx_word' id='word_1_100' title='bbox 1782 1185 1801 1214; x_wconf 77' lang='lat'><strong>⁶</strong></span> 
     </span>
     <span class='ocr_line' id='line_1_16' title="bbox 327 1248 1801 1312; baseline 0.001 -19"><span class='ocrx_word' id='word_1_101' title='bbox 327 1248 529 1294; x_wconf 90' lang='lat' dir='ltr'>demum</span> <span class='ocrx_word' id='word_1_102' title='bbox 560 1255 842 1309; x_wconf 88' lang='lat' dir='ltr'>appareret,</span> <span class='ocrx_word' id='word_1_103' title='bbox 872 1248 959 1294; x_wconf 93' lang='lat' dir='ltr'>sed</span> <span class='ocrx_word' id='word_1_104' title='bbox 991 1255 1042 1294; x_wconf 91' lang='lat' dir='ltr'>et</span> <span class='ocrx_word' id='word_1_105' title='bbox 1070 1248 1348 1293; x_wconf 84' lang='lat' dir='ltr'>luminum7</span> <span class='ocrx_word' id='word_1_106' title='bbox 1381 1252 1573 1294; x_wconf 91' lang='lat' dir='ltr'>ratione</span> <span class='ocrx_word' id='word_1_107' title='bbox 1602 1266 1801 1312; x_wconf 86' lang='lat' dir='ltr'>magna,</span> 
     </span>
     <span class='ocr_line' id='line_1_17' title="bbox 328 1314 1802 1378; baseline 0.001 -18"><span class='ocrx_word' id='word_1_108' title='bbox 328 1331 390 1360; x_wconf 91' lang='lat' dir='ltr'>ne</span> <span class='ocrx_word' id='word_1_109' title='bbox 444 1315 640 1361; x_wconf 85' lang='lat' dir='ltr'>claritas</span> <span class='ocrx_word' id='word_1_110' title='bbox 694 1315 910 1360; x_wconf 91' lang='lat' dir='ltr'>colorum</span> <span class='ocrx_word' id='word_1_111' title='bbox 966 1317 1122 1360; x_wconf 90' lang='lat' dir='ltr'>aciem</span> <span class='ocrx_word' id='word_1_112' title='bbox 1176 1314 1453 1361; x_wconf 89' lang='lat' dir='ltr'>offenderet</span> <span class='ocrx_word' id='word_1_113' title='bbox 1506 1315 1659 1361; x_wconf 90' lang='lat' dir='ltr'>veluti</span> <span class='ocrx_word' id='word_1_114' title='bbox 1714 1333 1802 1378; x_wconf 91' lang='lat' dir='ltr'>per</span> 
     </span>
     <span class='ocr_line' id='line_1_18' title="bbox 328 1381 1801 1445; baseline 0.001 -18"><span class='ocrx_word' id='word_1_115' title='bbox 328 1381 544 1443; x_wconf 89' lang='lat' dir='ltr'>lapidem</span> <span class='ocrx_word' id='word_1_116' title='bbox 602 1382 909 1443; x_wconf 87' lang='lat' dir='ltr'>specularem</span> <span class='ocrx_word' id='word_1_117' title='bbox 968 1382 1279 1427; x_wconf 88' lang='lat' dir='ltr'>intuentibus</span> <span class='ocrx_word' id='word_1_118' title='bbox 1338 1389 1390 1428; x_wconf 90' lang='lat' dir='ltr'>et</span> <span class='ocrx_word' id='word_1_119' title='bbox 1448 1398 1475 1427; x_wconf 92' lang='lat' dir='ltr'>e</span> <span class='ocrx_word' id='word_1_120' title='bbox 1532 1382 1801 1445; x_wconf 83' lang='lat' dir='ltr'>longinquo</span> 
     </span>
     <span class='ocr_line' id='line_1_19' title="bbox 327 1447 1799 1496; baseline 0.001 -3"><span class='ocrx_word' id='word_1_121' title='bbox 327 1448 505 1494; x_wconf 90' lang='lat' dir='ltr'>eadem</span> <span class='ocrx_word' id='word_1_122' title='bbox 565 1464 641 1494; x_wconf 90' lang='lat' dir='ltr'>res</span> <span class='ocrx_word' id='word_1_123' title='bbox 704 1451 846 1493; x_wconf 87' lang='lat' dir='ltr'>nimis</span> <span class='ocrx_word' id='word_1_124' title='bbox 907 1447 1088 1494; x_wconf 86' lang='lat' dir='ltr'>floridis</span> <span class='ocrx_word' id='word_1_125' title='bbox 1149 1448 1390 1494; x_wconf 89' lang='lat' dir='ltr'>coloribus</span> <span class='ocrx_word' id='word_1_126' title='bbox 1451 1452 1799 1496; x_wconf 86' lang='lat' dir='ltr'>austeritatem</span> 
     </span>
     <span class='ocr_line' id='line_1_20' title="bbox 327 1515 717 1561; baseline 0 -1"><span class='ocrx_word' id='word_1_127' title='bbox 327 1515 519 1560; x_wconf 91' lang='lat' dir='ltr'>occulte</span> <span class='ocrx_word' id='word_1_128' title='bbox 559 1515 717 1561; x_wconf 87' lang='lat' dir='ltr'>daret.</span> 
     </span>
    </p>

    <p class='ocr_par' dir='ltr' id='par_1_4' title="bbox 244 1580 1799 1711">
     <span class='ocr_line' id='line_1_21' title="bbox 244 1580 1799 1643; baseline 0.001 -16"><span class='ocrx_word' id='word_1_129' title='bbox 244 1589 295 1627; x_wconf 86' lang='lat'>98</span> <span class='ocrx_word' id='word_1_130' title='bbox 391 1582 627 1643; x_wconf 87' lang='lat' dir='ltr'>Aequalis</span> <span class='ocrx_word' id='word_1_131' title='bbox 653 1584 756 1627; x_wconf 91' lang='lat' dir='ltr'>eius</span> <span class='ocrx_word' id='word_1_132' title='bbox 781 1581 876 1626; x_wconf 89' lang='lat' dir='ltr'>fuit</span> <span class='ocrx_word' id='word_1_133' title='bbox 900 1581 1144 1627; x_wconf 90' lang='lat' dir='ltr'>Aristides</span> <span class='ocrx_word' id='word_1_134' title='bbox 1168 1580 1448 1627; x_wconf 89' lang='lat' dir='ltr'>Thebanus.</span> <span class='ocrx_word' id='word_1_135' title='bbox 1518 1585 1556 1627; x_wconf 93' lang='lat' dir='ltr'>is</span> <span class='ocrx_word' id='word_1_136' title='bbox 1580 1585 1799 1629; x_wconf 90' lang='lat' dir='ltr'>omnium</span> 
     </span>
     <span class='ocr_line' id='line_1_22' title="bbox 327 1647 1799 1711; baseline 0.001 -18"><span class='ocrx_word' id='word_1_137' title='bbox 327 1652 511 1710; x_wconf 89' lang='lat' dir='ltr'>primus</span> <span class='ocrx_word' id='word_1_138' title='bbox 547 1651 766 1694; x_wconf 90' lang='lat' dir='ltr'>animum</span> <span class='ocrx_word' id='word_1_139' title='bbox 802 1651 964 1710; x_wconf 83' lang='lat' dir='ltr'>pinxit</span> <span class='ocrx_word' id='word_1_140' title='bbox 1000 1655 1052 1694; x_wconf 92' lang='lat' dir='ltr'>et</span> <span class='ocrx_word' id='word_1_141' title='bbox 1086 1664 1257 1694; x_wconf 91' lang='lat' dir='ltr'>sensus</span> <span class='ocrx_word' id='word_1_142' title='bbox 1292 1647 1502 1694; x_wconf 91' lang='lat' dir='ltr'>hominis</span> <span class='ocrx_word' id='word_1_143' title='bbox 1539 1653 1799 1711; x_wconf 88' lang='lat' dir='ltr'>expressit,</span> 
     </span>
    </p>
   </div>
   <div class='ocr_carea' id='block_1_3' title="bbox 387 1782 1548 1982">
    <p class='ocr_par' dir='ltr' id='par_1_5' title="bbox 393 1782 873 1832">
     <span class='ocr_line' id='line_1_23' title="bbox 393 1782 873 1832; baseline 0 -12"><span class='ocrx_word' id='word_1_144' title='bbox 393 1782 404 1804; x_wconf 87' lang='lat'><strong>¹</strong></span> <span class='ocrx_word' id='word_1_145' title='bbox 437 1795 532 1820; x_wconf 87' lang='lat' dir='ltr'>cum</span> <span class='ocrx_word' id='word_1_146' title='bbox 554 1782 646 1820; x_wconf 81' lang='lat' dir='ltr'>add.</span> <span class='ocrx_word' id='word_1_147' title='bbox 671 1782 873 1832; x_wconf 71' lang='lat' dir='ltr'>Mayhofs.</span> 
     </span>
    </p>

    <p class='ocr_par' dir='ltr' id='par_1_6' title="bbox 388 1835 1218 1886">
     <span class='ocr_line' id='line_1_24' title="bbox 388 1835 1218 1886; baseline -0.001 -12"><span class='ocrx_word' id='word_1_148' title='bbox 388 1835 403 1858; x_wconf 85' lang='lat'>²</span> <span class='ocrx_word' id='word_1_149' title='bbox 432 1849 721 1886; x_wconf 86' lang='lat' dir='ltr'>repercussum</span> <span class='ocrx_word' id='word_1_150' title='bbox 744 1836 800 1874; x_wconf 88' lang='grc' dir='ltr'>Β1</span> <span class='ocrx_word' id='word_1_151' title='bbox 821 1851 829 1874; x_wconf 79' lang='lat' dir='ltr'><em>z</em></span> <span class='ocrx_word' id='word_1_152' title='bbox 869 1848 1113 1886; x_wconf 86' lang='lat' dir='ltr'>repercussu</span> <span class='ocrx_word' id='word_1_153' title='bbox 1135 1835 1218 1874; x_wconf 82' lang='lat' dir='ltr'>rell.</span> 
     </span>
    </p>

    <p class='ocr_par' dir='ltr' id='par_1_7' title="bbox 387 1888 1428 1935">
     <span class='ocr_line' id='line_1_25' title="bbox 387 1888 1428 1935; baseline 0 -8"><span class='ocrx_word' id='word_1_154' title='bbox 387 1888 402 1911; x_wconf 85' lang='lat'>³</span> <span class='ocrx_word' id='word_1_155' title='bbox 432 1889 639 1928; x_wconf 79' lang='lat' dir='ltr'>claritatis</span> <span class='ocrx_word' id='word_1_156' title='bbox 661 1889 709 1935; x_wconf 91' lang='lat' dir='ltr'>B,</span> <span class='ocrx_word' id='word_1_157' title='bbox 733 1889 791 1927; x_wconf 79' lang='lat' dir='ltr'>cd.</span> <span class='ocrx_word' id='word_1_158' title='bbox 815 1889 912 1927; x_wconf 84' lang='lat' dir='ltr'>Par.</span> <span class='ocrx_word' id='word_1_159' title='bbox 937 1890 1037 1927; x_wconf 82' lang='lat'>6801</span> <span class='ocrx_word' id='word_1_160' title='bbox 1061 1904 1068 1927; x_wconf 93' lang='lat'>:</span> <span class='ocrx_word' id='word_1_161' title='bbox 1109 1888 1324 1927; x_wconf 80' lang='lat' dir='ltr'>claritates</span> <span class='ocrx_word' id='word_1_162' title='bbox 1345 1888 1428 1928; x_wconf 81' lang='lat' dir='ltr'>rell.</span> 
     </span>
    </p>

    <p class='ocr_par' dir='ltr' id='par_1_8' title="bbox 388 1942 1548 1982">
     <span class='ocr_line' id='line_1_26' title="bbox 388 1942 1548 1982; baseline 0.002 -2"><span class='ocrx_word' id='word_1_163' title='bbox 388 1942 403 1965; x_wconf 78' lang='lat'><strong>⁴</strong></span> <span class='ocrx_word' id='word_1_164' title='bbox 432 1942 616 1981; x_wconf 89' lang='lat' dir='ltr'>colorem</span> <span class='ocrx_word' id='word_1_165' title='bbox 638 1943 701 1981; x_wconf 89' lang='lat' dir='ltr'>B:</span> <span class='ocrx_word' id='word_1_166' title='bbox 742 1942 933 1980; x_wconf 85' lang='lat' dir='ltr'>colorum</span> <span class='ocrx_word' id='word_1_167' title='bbox 955 1942 1038 1980; x_wconf 81' lang='lat' dir='ltr'>rell.</span> <span class='ocrx_word' id='word_1_168' title='bbox 1060 1958 1067 1980; x_wconf 95' lang='lat'>:</span> <span class='ocrx_word' id='word_1_169' title='bbox 1108 1942 1326 1981; x_wconf 88' lang='lat' dir='ltr'>oculorum</span> <span class='ocrx_word' id='word_1_170' title='bbox 1347 1942 1433 1981; x_wconf 75' lang='lat' dir='ltr'>edd.</span> <span class='ocrx_word' id='word_1_171' title='bbox 1458 1947 1548 1982; x_wconf 78' lang='lat' dir='ltr'>vett.</span> 
     </span>
    </p>
   </div>
   <div class='ocr_carea' id='block_1_4' title="bbox 332 1995 1793 2088">
    <p class='ocr_par' dir='ltr' id='par_1_9' title="bbox 332 1995 1793 2088">
     <span class='ocr_line' id='line_1_27' title="bbox 391 1995 1793 2046; baseline 0.001 -13"><span class='ocrx_word' id='word_1_172' title='bbox 391 1995 405 2017; x_wconf 85' lang='lat'>⁵</span> <span class='ocrx_word' id='word_1_173' title='bbox 435 1996 580 2034; x_wconf 77' lang='lat' dir='ltr'>onium</span> <span class='ocrx_word' id='word_1_174' title='bbox 617 1998 680 2044; x_wconf 92' lang='lat'>(=</span> <span class='ocrx_word' id='word_1_175' title='bbox 705 1996 917 2043; x_wconf 87' lang='lat' dir='ltr'>omnium)</span> <span class='ocrx_word' id='word_1_176' title='bbox 954 1995 1171 2046; x_wconf 72' lang='lat' dir='ltr'>Mayhoff:</span> <span class='ocrx_word' id='word_1_177' title='bbox 1225 1995 1371 2034; x_wconf 85' lang='lat' dir='ltr'>aluum</span> <span class='ocrx_word' id='word_1_178' title='bbox 1407 1996 1492 2035; x_wconf 73' lang='lat' dir='ltr'>Blz</span> <span class='ocrx_word' id='word_1_179' title='bbox 1545 1995 1676 2035; x_wconf 82' lang='lat' dir='ltr'>alium</span> <span class='ocrx_word' id='word_1_180' title='bbox 1713 1995 1793 2035; x_wconf 83' lang='lat' dir='ltr'>B2:</span> 
     </span>
     <span class='ocr_line' id='line_1_28' title="bbox 332 2049 940 2088; baseline -0.002 0"><span class='ocrx_word' id='word_1_181' title='bbox 332 2062 411 2088; x_wconf 75' lang='lat' dir='ltr'>om.</span> <span class='ocrx_word' id='word_1_182' title='bbox 439 2050 522 2088; x_wconf 81' lang='lat' dir='ltr'>rell.</span> <span class='ocrx_word' id='word_1_183' title='bbox 544 2065 551 2088; x_wconf 92' lang='lat'>:</span> <span class='ocrx_word' id='word_1_184' title='bbox 595 2049 742 2087; x_wconf 86' lang='lat' dir='ltr'>album</span> <span class='ocrx_word' id='word_1_185' title='bbox 769 2050 940 2088; x_wconf 77' lang='lat' dir='ltr'>Traube.</span> 
     </span>
    </p>
   </div>
   <div class='ocr_carea' id='block_1_5' title="bbox 329 2103 1796 2249">
    <p class='ocr_par' dir='ltr' id='par_1_10' title="bbox 329 2103 1796 2249">
     <span class='ocr_line' id='line_1_29' title="bbox 392 2103 755 2141; baseline 0.003 -1"><span class='ocrx_word' id='word_1_186' title='bbox 392 2104 407 2125; x_wconf 68' lang='grc' dir='ltr'><strong>θ</strong></span> <span class='ocrx_word' id='word_1_187' title='bbox 437 2103 621 2141; x_wconf 82' lang='lat' dir='ltr'>intuenti</span> <span class='ocrx_word' id='word_1_188' title='bbox 642 2107 685 2141; x_wconf 78' lang='lat' dir='ltr'>et</span> <span class='ocrx_word' id='word_1_189' title='bbox 705 2103 755 2141; x_wconf 89' lang='lat' dir='ltr'>B.</span> 
     </span>
     <span class='ocr_line' id='line_1_30' title="bbox 390 2155 1796 2205; baseline -0.001 -11"><span class='ocrx_word' id='word_1_190' title='bbox 390 2156 403 2179; x_wconf 93' lang='lat'>⁷</span> <span class='ocrx_word' id='word_1_191' title='bbox 433 2161 476 2195; x_wconf 77' lang='lat' dir='ltr'>et</span> <span class='ocrx_word' id='word_1_192' title='bbox 508 2156 716 2194; x_wconf 89' lang='lat' dir='ltr'>luminum</span> <span class='ocrx_word' id='word_1_193' title='bbox 762 2155 957 2205; x_wconf 72' lang='lat' dir='ltr'>Maykoff</span> <span class='ocrx_word' id='word_1_194' title='bbox 971 2170 978 2193; x_wconf 94' lang='lat'>:</span> <span class='ocrx_word' id='word_1_195' title='bbox 1030 2155 1163 2194; x_wconf 77' lang='lat' dir='ltr'>etium</span> <span class='ocrx_word' id='word_1_196' title='bbox 1195 2155 1281 2195; x_wconf 75' lang='lat' dir='ltr'>Blz</span> <span class='ocrx_word' id='word_1_197' title='bbox 1331 2155 1461 2194; x_wconf 76' lang='lat' dir='ltr'>etiam</span> <span class='ocrx_word' id='word_1_198' title='bbox 1494 2155 1574 2195; x_wconf 81' lang='lat' dir='ltr'>B²:</span> <span class='ocrx_word' id='word_1_199' title='bbox 1625 2159 1669 2194; x_wconf 77' lang='lat' dir='ltr'>et</span> <span class='ocrx_word' id='word_1_200' title='bbox 1700 2168 1796 2195; x_wconf 91' lang='lat' dir='ltr'>cum</span> 
     </span>
     <span class='ocr_line' id='line_1_31' title="bbox 329 2208 1160 2249; baseline 0.002 -3"><span class='ocrx_word' id='word_1_201' title='bbox 329 2209 413 2249; x_wconf 83' lang='lat' dir='ltr'>rell.</span> <span class='ocrx_word' id='word_1_202' title='bbox 434 2225 443 2248; x_wconf 70' lang='grc' dir='ltr'><strong>ι</strong></span> <span class='ocrx_word' id='word_1_203' title='bbox 485 2214 529 2248; x_wconf 79' lang='lat' dir='ltr'>et</span> <span class='ocrx_word' id='word_1_204' title='bbox 553 2214 646 2248; x_wconf 84' lang='lat' dir='ltr'>tum</span> <span class='ocrx_word' id='word_1_205' title='bbox 670 2209 916 2248; x_wconf 75' lang='lat' dir='ltr'>Hermolaus</span> <span class='ocrx_word' id='word_1_206' title='bbox 940 2208 1160 2248; x_wconf 67' lang='lat' dir='ltr'>Barbarus.</span> 
     </span>
    </p>
   </div>
   <div class='ocr_carea' id='block_1_6' title="bbox 376 2356 1793 2461">
    <p class='ocr_par' dir='ltr' id='par_1_11' title="bbox 376 2356 1793 2461">
     <span class='ocr_line' id='line_1_32' title="bbox 376 2356 1098 2408; baseline -0.003 -11"><span class='ocrx_word' id='word_1_207' title='bbox 376 2364 394 2382; x_wconf 77' lang='lat'>‘²</span> <span class='ocrx_word' id='word_1_208' title='bbox 424 2358 513 2397; x_wconf 90' lang='lat' dir='ltr'>One</span> <span class='ocrx_word' id='word_1_209' title='bbox 535 2358 583 2397; x_wconf 87' lang='lat' dir='ltr'>of</span> <span class='ocrx_word' id='word_1_210' title='bbox 599 2357 875 2396; x_wconf 86' lang='lat' dir='ltr'>Alexander’s</span> <span class='ocrx_word' id='word_1_211' title='bbox 895 2356 1098 2408; x_wconf 82' lang='lat' dir='ltr'>generals.</span> 
     </span>
     <span class='ocr_line' id='line_1_33' title="bbox 379 2409 1793 2461; baseline 0 -12"><span class='ocrx_word' id='word_1_212' title='bbox 379 2411 394 2435; x_wconf 59' lang='grc' dir='ltr'>ὁ</span> <span class='ocrx_word' id='word_1_213' title='bbox 423 2412 523 2449; x_wconf 83' lang='lat' dir='ltr'>Two</span> <span class='ocrx_word' id='word_1_214' title='bbox 542 2412 717 2450; x_wconf 76' lang='lat' dir='ltr'>soldiers</span> <span class='ocrx_word' id='word_1_215' title='bbox 736 2411 837 2449; x_wconf 86' lang='lat' dir='ltr'>with</span> <span class='ocrx_word' id='word_1_216' title='bbox 858 2411 943 2449; x_wconf 78' lang='lat' dir='ltr'>this</span> <span class='ocrx_word' id='word_1_217' title='bbox 962 2423 1087 2448; x_wconf 87' lang='lat' dir='ltr'>name</span> <span class='ocrx_word' id='word_1_218' title='bbox 1105 2423 1175 2448; x_wconf 86' lang='lat' dir='ltr'>are</span> <span class='ocrx_word' id='word_1_219' title='bbox 1194 2409 1393 2449; x_wconf 88' lang='lat' dir='ltr'>recorded</span> <span class='ocrx_word' id='word_1_220' title='bbox 1412 2422 1458 2448; x_wconf 83' lang='lat' dir='ltr'>as</span> <span class='ocrx_word' id='word_1_221' title='bbox 1476 2411 1643 2461; x_wconf 85' lang='lat' dir='ltr'>serving</span> <span class='ocrx_word' id='word_1_222' title='bbox 1660 2410 1793 2449; x_wconf 90' lang='lat' dir='ltr'>under</span> 
     </span>
    </p>
   </div>
   <div class='ocr_carea' id='block_1_7' title="bbox 319 2466 1244 2568">
    <p class='ocr_par' dir='ltr' id='par_1_12' title="bbox 319 2466 1244 2568">
     <span class='ocr_line' id='line_1_34' title="bbox 319 2466 570 2504; baseline -0.004 0"><span class='ocrx_word' id='word_1_223' title='bbox 319 2466 570 2504; x_wconf 76' lang='lat' dir='ltr'>Alexander.</span> 
     </span>
     <span class='ocr_line' id='line_1_35' title="bbox 375 2516 1244 2568; baseline -0.002 -12"><span class='ocrx_word' id='word_1_224' title='bbox 375 2525 388 2543; x_wconf 81' lang='lat'><strong><em>⁶</em></strong></span> <span class='ocrx_word' id='word_1_225' title='bbox 418 2519 505 2556; x_wconf 81' lang='lat' dir='ltr'>The</span> <span class='ocrx_word' id='word_1_226' title='bbox 529 2518 757 2568; x_wconf 67' lang='lat' dir='ltr'>One-eyed.</span> <span class='ocrx_word' id='word_1_227' title='bbox 818 2517 893 2555; x_wconf 82' lang='lat' dir='ltr'>See</span> <span class='ocrx_word' id='word_1_228' title='bbox 915 2517 935 2566; x_wconf 64' lang='grc' dir='ltr'>ξ</span> <span class='ocrx_word' id='word_1_229' title='bbox 954 2518 1005 2556; x_wconf 85' lang='grc'>90</span> <span class='ocrx_word' id='word_1_230' title='bbox 1025 2516 1109 2554; x_wconf 81' lang='lat' dir='ltr'>and</span> <span class='ocrx_word' id='word_1_231' title='bbox 1132 2522 1244 2555; x_wconf 87' lang='lat' dir='ltr'>note.</span> 
     </span>
    </p>
   </div>
   <div class='ocr_carea' id='block_1_8' title="bbox 325 2609 410 2654">
    <p class='ocr_par' dir='ltr' id='par_1_13' title="bbox 325 2609 410 2654">
     <span class='ocr_line' id='line_1_36' title="bbox 325 2609 410 2654; baseline 0 0"><span class='ocrx_word' id='word_1_232' title='bbox 325 2609 410 2654; x_wconf 86' lang='lat'>332</span> 
     </span>
    </p>
   </div>
  </div>
 </body>
</html>
