1873 3020
190 503 262 542 145

197 1372 268 1411 146

543 192 748 239 PLINY
768 209 778 238 ι
831 191 1159 238 NATURAL
1204 191 1499 238 HISTORY

293 339 465 368 aureos
489 321 626 375 fecit,
649 337 740 366 nec
763 320 920 365 multo
942 327 1054 381 post
1079 323 1302 383 argentei
1328 319 1555 365 Deliacos
1576 322 1757 365 imitati

294 417 424 455 sunt.
493 424 621 470 quae
653 410 818 452 omnia
850 410 1071 468 expiavit
1099 406 1285 452 bellum
1316 406 1456 452 civile
1487 405 1756 452 Sullanum.

360 495 469 540 LII.
510 494 662 539 Paulo
705 497 836 540 enirn
872 501 989 539 ante
1025 492 1148 539 haec
1184 492 1348 538 factae
1382 500 1499 538 sunt
1529 492 1695 539 lances
1731 510 1759 539 e

296 585 518 628 centenis
554 581 686 626 libris
722 584 935 643 argenti,
972 596 1093 642 quas
1129 587 1248 626 tunc
1282 596 1434 642 cuper
1467 595 1522 625 CL
1555 596 1761 626 numero

295 669 444 714 fuisse
479 669 667 714 Romae
701 674 899 713 constat
932 667 1214 729 multosque
1249 667 1312 713 ob
1347 683 1430 713 eas
1464 670 1760 729 proscriptos

295 756 408 802 dolo
435 758 905 816 concupiscentium.
975 754 1273 800 erubescant
1300 753 1522 809 annales,
1549 757 1633 816 qui
1658 754 1760 800 bel-

297 843 398 889 lum
419 842 559 888 civile
581 842 700 888 illud
720 841 903 887 talibus
925 844 1053 887 vitiis
1075 844 1398 903 inputavere3
1435 848 1603 887 nostra
1622 848 1761 887 aetas

298 930 470 976 fortior
495 928 605 974 fuit.
674 928 867 974 Claudii
894 931 1174 990 principatu
1201 944 1368 974 servus
1396 931 1499 974 eius
1526 928 1763 974 Drusilla-

298 1034 388 1062 nus
409 1016 425 1044 1
450 1019 647 1061 nomine
672 1015 951 1070 Rotundus,
973 1015 1286 1076 dispensator
1308 1015 1580 1077 Hispaniae
1602 1018 1763 1061 citeri-

299 1107 410 1158 oris,
442 1106 820 1166 quingenariam
852 1102 1044 1148 lancem
1076 1101 1270 1157 habuit,
1300 1105 1378 1148 cui
1407 1101 1764 1148 fabricandae2

297 1191 489 1236 officina
511 1193 643 1251 prius
667 1189 999 1235 exaedificata
1019 1188 1203 1244 fuerat,
1226 1196 1278 1235 et
1299 1193 1504 1235 comites
1528 1192 1631 1235 eius
1653 1196 1765 1236 octo

301 1278 363 1323 ad
386 1293 467 1322 ch
487 1277 653 1331 libras,
676 1293 878 1339 quaeso,
900 1283 956 1322 ut
978 1293 1128 1338 quam
1149 1276 1292 1322 multi
1315 1293 1398 1322 eas
1420 1279 1640 1322 conservi
1662 1279 1764 1323 eius

302 1364 560 1419 inferrent,
592 1371 680 1409 aut
711 1364 888 1426 quibus
919 1363 1248 1409 cenantibus?
1315 1363 1568 1409 Cornelius
1600 1363 1766 1426 Nepos

300 1451 456 1498 tradit
499 1458 618 1497 ante
663 1450 827 1496 Sullae
872 1454 1128 1496 victoriam
1172 1450 1271 1496 duo
1313 1457 1514 1497 tantum
1556 1451 1767 1497 triclinia

302 1539 489 1584 Romae
526 1537 676 1584 fuisse
715 1546 974 1600 argentea,
1012 1541 1312 1599 repositoriis
1349 1545 1614 1600 argentum
1652 1538 1767 1584 addi

301 1643 391 1672 sua
422 1629 659 1671 memoria
691 1632 940 1686 coeptum.
1011 1625 1311 1679 Fenestella,
1343 1628 1426 1687 qui
1457 1625 1581 1671 obiit
1611 1629 1768 1671 novis-

302 1716 425 1759 simo
462 1713 644 1758 Tiberii
683 1712 907 1758 Caesaris
945 1715 1245 1774 principatu,
1283 1715 1354 1758 ait
1393 1719 1445 1758 et
1482 1712 1769 1758 testudinea

303 1807 413 1846 tum
447 1803 497 1845 in
532 1817 675 1845 usum
710 1802 920 1855 venisse,
956 1806 1074 1845 ante
1109 1815 1162 1845 se
1198 1806 1369 1845 autem
1403 1799 1552 1861 paulo
1585 1799 1769 1863 lignea,

302 1887 534 1942 rotunda,
553 1887 707 1932 solida
728 1903 818 1932 nec
837 1886 995 1932 multo
1014 1890 1199 1932 maiora
1220 1903 1370 1948 quam
1388 1903 1583 1932 mensas
1601 1885 1769 1942 fuisse,

304 1991 357 2020 se
399 1974 600 2036 quidem
642 1991 796 2035 puero
838 1974 1083 2036 quadrata
1125 1981 1177 2019 et.
1217 1981 1460 2035 conpacta
1499 1980 1588 2020 aut
1626 1989 1769 2020 acere

305 2069 481 2123 operta
508 2068 595 2107 aut
621 2064 745 2106 citro
771 2064 1008 2122 coepisse,
1036 2077 1150 2106 mox
1177 2060 1404 2106 additum
1430 2067 1696 2123 argentum
1720 2063 1769 2106 in

566 2210 851 2248 Drusilianus.

415 2211 429 2234 1
486 2211 498 2227 s

413 2264 428 2287 ²
467 2211 541 2303 ll
567 2277 662 2302 cum
687 2263 963 2302 fabricando:
1009 2275 1138 2313 quam
1161 2262 1414 2302 fabricando
1439 2263 1660 2315 Detlessen.

467 2457 484 2475 ⁰
514 2452 580 2503 By
601 2452 717 2491 Sulla¹
735 2452 779 2490 in
801 2453 849 2490 82
874 2463 953 2491 B.C.

471 2506 485 2529 θ
515 2506 751 2544 Fenestella
770 2505 865 2543 died
885 2506 926 2543 in
946 2517 1034 2543 A.D.
1057 2506 1121 2551 21,
1140 2504 1332 2544 Tiberius
1350 2505 1392 2544 in
1411 2515 1500 2544 Λα).
1520 2507 1585 2546 37.

307 2595 390 2638 108
