1899 3015
256 865 329 904 113

255 1300 328 1339 114

611 210 855 257 PLINY:
913 211 1240 257 NATURAL
1282 210 1575 258 HISTORY

364 345 471 383 arte
510 340 677 400 paucis
714 337 1090 399 postferendus:
1143 341 1394 400 proposito
1429 341 1592 384 nescio
1631 354 1693 384 an
1735 338 1830 384 dis-

365 424 608 470 tinxerit1
669 440 738 479 se,
805 428 1035 486 quoniam
1102 424 1307 470 humilia
1371 425 1573 487 quidem
1633 432 1830 471 secutus

363 510 656 557 humilitatis
712 518 883 557 tamen
932 528 1176 557 summam
1225 512 1437 574 adeptus
1486 518 1562 557 est
1608 511 1829 574 gloriam.

364 601 632 644 tonstrinas
669 601 984 661 sutrinasque
1021 602 1183 660 pinxit
1226 606 1277 644 et
1319 598 1493 644 asellos
1536 605 1588 644 et
1629 599 1832 644 obsonia

365 702 420 730 ac
463 685 655 740 similia,
693 686 756 731 ob
798 685 922 731 haec
964 689 1342 748 cognominatus
1385 685 1832 749 rhyparographos‚

365 775 414 818 in
460 775 516 817 iis
564 780 937 818 consummatae
985 773 1272 835 voluptatis,
1321 775 1506 835 quippe
1549 788 1638 818 eae
1680 772 1831 835 pluris

364 862 561 905 veniere
628 876 776 922 quam
849 863 1097 905 maximae
1170 859 1455 906 multorum.
1541 875 1568 905 e
1639 860 1831 906 diverso

367 945 653 1001 Maeniana,
682 949 843 1009 inquit
873 947 1043 1001 Varro,
1072 950 1237 993 omnia
1266 947 1525 1009 operiebat
1553 946 1831 1009 Serapionis

364 1033 535 1078 tabula
577 1034 668 1079 sub
711 1034 991 1079 Veteribus.
1060 1033 1138 1079 hic
1180 1050 1381 1079 scaenas
1425 1037 1613 1096 optime
1656 1037 1832 1096 pinxit,

363 1120 450 1166 sed
478 1119 728 1165 hominem
758 1124 963 1183 pingere
992 1138 1090 1167 non
1117 1124 1296 1183 potuit.
1366 1128 1537 1167 contra
1567 1121 1833 1185 Dionysius

363 1207 481 1252 nihil
523 1207 655 1253 aliud
698 1224 846 1270 quam
889 1208 1112 1254 homines
1154 1211 1331 1270 pinxit,
1373 1208 1436 1253 ob
1477 1208 1527 1254 id
1569 1208 1834 1271 anthropo-

361 1293 574 1356 graphos
602 1297 992 1357 cognominatus.
1063 1312 1213 1357 parva
1242 1302 1293 1340 et
1313 1295 1535 1341 Callicles
1556 1294 1691 1349 fecit,
1711 1299 1832 1342 item

363 1380 561 1427 Calates
583 1385 778 1427 comicis
799 1382 1012 1437 tabellis,
1034 1389 1246 1444 utraque
1269 1381 1568 1443 Antiphilus.
1619 1399 1833 1445 namque

364 1475 416 1513 et
471 1468 739 1514 Hesionam
795 1469 1009 1514 nobilem
1064 1472 1225 1530 pinxit
1279 1476 1331 1514 et
1384 1469 1723 1515 Alexandrum
1778 1487 1833 1516 ac

365 1552 644 1616 Philippum
699 1573 810 1601 cum
868 1556 1111 1611 Minerva,
1165 1559 1247 1618 qui
1300 1563 1416 1602 sunt
1468 1559 1516 1601 in
1569 1556 1734 1602 schola
1784 1561 1832 1603 in

365 1642 604 1688 Octaviae
634 1644 921 1704 porticibuS,
953 1650 1003 1689 et
1034 1646 1082 1688 in
1114 1641 1325 1704 Philippi
1357 1642 1592 1689 Liberum
1621 1651 1833 1706 patrem,

365 1728 705 1775 Alexandrum
771 1746 996 1791 puerum,
1060 1730 1390 1793 Hippolytum
1451 1737 1595 1777 tauro
1657 1735 1832 1777 emisso

367 1824 801 1877 expavescentem,
870 1820 918 1862 in
987 1815 1224 1878 Pompeia
1290 1833 1404 1862 vero
1471 1817 1714 1864 Cadmum
1782 1827 1833 1865 et

365 1903 612 1964 Europen.
681 1904 813 1950 idem
850 1904 1046 1950 iocoso2
1083 1907 1281 1950 nomine
1319 1904 1543 1967 Gryllum
1580 1902 1833 1952 deridiculi

364 1988 563 2036 habitus
607 1993 785 2052 pinxit,
830 1991 962 2037 unde
1007 1991 1056 2037 id
1099 2008 1256 2054 genus
1300 1994 1523 2053 picturae
1567 1992 1708 2055 grylli
1754 2010 1833 2039 vo-

364 2083 554 2123 cantur.
622 2080 728 2139 ipse
756 2080 806 2123 in
835 2078 1071 2141 Aegypto
1101 2085 1246 2124 natus
1275 2078 1446 2124 didicit
1475 2095 1504 2123 a
1531 2078 1830 2125 Ctesidemo.

427 2225 441 2248 ¹
472 2223 715 2263 distinxerit
752 2224 968 2275 Mayhoff:
1023 2224 1287 2264 distrinxerit
1323 2225 1531 2264 Frohner:
1586 2225 1832 2265 distruxerit

370 2283 441 2316 aut
461 2277 730 2316 destruxerit.
895 2279 910 2303 ²
941 2280 1081 2318 iocoso
1101 2278 1187 2318 edd.
1208 2283 1296 2318 vett.
1314 2293 1323 2318 ε
1354 2280 1504 2318 iocosis
1524 2284 1595 2318 aut
1614 2279 1777 2319 locosis.

414 2473 431 2492 ‘⁸
461 2468 682 2507 Balconies
702 2481 757 2507 on
778 2468 928 2507 houses
949 2468 991 2506 in
1013 2468 1148 2506 Rome
1169 2469 1260 2507 first
1284 2469 1391 2507 built,
1413 2469 1468 2520 by
1490 2482 1568 2508 one
1589 2469 1793 2509 Maenius.

417 2521 431 2545 δ
463 2522 593 2571 Largo
614 2521 697 2560 and
719 2521 843 2560 small
866 2523 1061 2573 pictures.

357 2611 446 2656 344
