1899 3015
222 875 296 915 129

227 1483 301 1522 130

229 2178 297 2216 131

579 219 820 266 PLINY:
879 220 1205 266 NATURAL
1249 214 1546 266 HlsToRY

328 356 508 395 vocant
544 348 931 411 pompholygem
970 355 1022 394 et
1058 348 1259 409 spodon.
1331 347 1628 403 differentia,
1665 348 1797 412 quod

332 435 633 498 pompholyx
695 435 854 481 lotura
915 442 1192 497 separatur,
1252 434 1428 496 spodos
1490 435 1642 481 inlota
1705 442 1795 481 est.

333 523 482 585 aliqui
517 522 650 584 quod
682 525 747 568 sit
779 522 1045 568 candidum
1079 521 1477 583 levissimumque
1513 521 1796 584 pompholy—

326 626 441 672 gem
463 609 634 655 dixere
658 616 710 655 et
733 624 839 654 esse
863 611 987 654 aeris
1010 625 1066 654 ac
1088 607 1328 654 cadmeae
1351 607 1587 663 favillam,
1610 608 1799 670 spodon

328 699 591 758 nigriorem
612 711 718 742 esse
736 695 1255 757 ponderosioremque,
1275 695 1504 740 derasam
1524 695 1797 756 parietibus

331 782 619 837 fornacium,
645 785 811 828 mixtis
838 781 1096 836 scintillis,l
1122 781 1387 844 aliquando
1413 788 1465 828 et
1489 782 1798 828 carbonibus.

330 869 452 915 haec
500 876 642 915 aceto
691 876 896 930 accepto
945 869 1147 914 odorem
1195 871 1319 914 aeris
1370 875 1594 930 praestat
1643 875 1712 924 et,
1761 871 1799 914 si

332 963 570 1019 tangatur
606 956 790 1018 lingua,
825 972 1052 1017 saporem
1090 954 1356 1001 horridum.
1425 958 1655 1001 convenit
1691 972 1800 1001 ocu-

331 1043 487 1089 lorum
516 1042 915 1097 medicamentis,
948 1042 1340 1104 quibuscumque
1372 1044 1500 1087 vitiis
1530 1058 1803 1096 occurrens,

335 1137 385 1176 et
421 1129 483 1175 ad
519 1132 684 1175 omnia
720 1145 849 1192 quae
884 1129 1077 1191 spodos.
1148 1128 1238 1174 hoc
1273 1128 1429 1174 solum
1464 1129 1636 1183 distat,
1671 1129 1801 1191 quod

334 1216 474 1262 huius
498 1216 676 1262 elutior
697 1219 766 1262 vis
791 1223 881 1262 est.
951 1215 1150 1262 additur
1173 1222 1224 1261 et
1245 1218 1294 1260 in
1319 1215 1604 1277 emplastra,
1626 1215 1804 1277 quibus

336 1303 455 1349 lenis
500 1302 815 1366 refrigeratio
859 1306 1113 1364 quaeritur
1157 1309 1210 1348 et
1252 1305 1465 1348 siccatio.
1536 1301 1699 1348 utilior
1741 1302 1804 1348 ad

334 1393 497 1436 onmia
522 1407 650 1452 quae
674 1393 786 1436 vino
809 1389 911 1436 lota
936 1396 1026 1435 est.

396 1477 627 1522 XXXIV.
665 1476 852 1538 Spodos
877 1476 1059 1539 Cypria
1081 1479 1285 1538 optima.
1356 1476 1412 1522 fit
1433 1483 1604 1522 autem
1628 1475 1802 1538 liques-

336 1564 561 1610 centibus
592 1564 802 1609 cadmea
835 1571 887 1609 et
917 1566 1106 1609 aerario
1135 1563 1316 1625 lapide.
1386 1562 1683 1608 levissimum
1714 1561 1804 1609 hoc

339 1658 415 1696 est
451 1650 663 1696 flaturae
700 1654 852 1696 totius
891 1649 1154 1712 evolatque
1192 1666 1219 1695 e
1255 1649 1532 1696 fornacibus
1570 1657 1623 1695 et
1658 1652 1803 1695 tectis

336 1737 664 1792 adhaerescit,
690 1754 718 1782 a
744 1735 949 1799 fuligine
976 1737 1164 1782 distans
1190 1736 1418 1782 candore.
1488 1736 1620 1798 quod
1644 1739 1804 1782 minus

338 1824 603 1870 candidum
627 1840 687 1869 ex
710 1840 787 1878 ea,
803 1827 1082 1869 inmaturae
1104 1823 1312 1869 fornacis
1330 1830 1679 1886 argumentum
1702 1830 1805 1877 est3

339 1910 429 1956 hoc
460 1911 662 1973 quidam
692 1910 1078 1973 pompholygem
1109 1918 1300 1956 vocant.
1370 1910 1503 1972 quod
1533 1926 1647 1956 vero
1676 1910 1803 1955 rubi-

338 1998 542 2043 cundius
592 2014 653 2043 ex
700 2000 756 2043 iis
805 2000 1069 2052 invenitur,
1119 2001 1357 2042 acriorem
1404 2000 1503 2042 vim
1549 1996 1704 2042 habet
1752 2004 1805 2042 et

337 2084 592 2130 exulcerat
631 2084 774 2139 adeo,
815 2091 888 2139 ut,
928 2101 1041 2130 cum
1080 2083 1290 2139 lavatur,
1331 2087 1370 2129 si
1411 2086 1583 2146 attigit
1623 2082 1804 2138 oculos,

338 2178 589 2217 excaecet.
660 2178 735 2216 est
762 2178 814 2216 et
842 2170 1006 2216 mellei
1037 2170 1207 2216 coloris
1237 2170 1432 2232 spodos,
1457 2173 1507 2215 in
1533 2186 1630 2232 qua
1654 2169 1801 2232 pluri—

336 2275 471 2303 mum
527 2261 651 2303 aeris
707 2257 1030 2320 intellegitur.
1100 2257 1188 2303 sed
1245 2257 1592 2320 quodcumque
1646 2273 1802 2319 genus

336 2344 544 2390 lavando
596 2344 652 2390 fit
703 2344 898 2398 utilius;
968 2351 1216 2406 purgatur
1267 2350 1384 2389 ante
1436 2342 1640 2405 panno,2
1691 2343 1806 2389 dein

400 2441 413 2464 ¹
441 2440 597 2491 lapillis
616 2441 691 2490 (vel
713 2441 861 2487 cinere,
889 2440 1000 2492 pilis)
1021 2442 1125 2479 coni.
1150 2439 1351 2490 Mayhoff.

397 2495 411 2517 2
442 2494 572 2532 linteo
587 2507 728 2545 panno
743 2495 848 2533 coni.
869 2494 922 2532 K.
939 2494 984 2532 C.
1000 2494 1145 2541 Bafley
1160 2509 1167 2532 :
1202 2497 1436 2544 purgantur
1453 2496 1648 2532 ramenta
1666 2505 1808 2543 panno

344 2548 510 2597 D’Arcy
532 2547 788 2597 Q'hompson:
821 2553 921 2586 ante
944 2548 1073 2598 pinna
1094 2553 1165 2585 aut
1187 2552 1286 2585 ante
1308 2559 1459 2598 penna.

336 2628 420 2658 222
