1873 3020
247 721 295 750 w

243 1333 287 1367 :51

560 197 795 248 PLINY:
855 199 1182 245 NATURAL
1228 200 1522 247 HISTORY

329 333 630 388 equestrem,
663 343 791 388 quae
824 326 977 373 fuerit
1007 335 1181 374 contra
1215 327 1342 373 Iovis
1374 327 1586 374 Statoris
1618 328 1794 374 aedem

328 407 375 447 in
411 403 657 449 vestibulo
692 403 901 465 Superbi
937 404 1129 459 domus,
1163 404 1394 450 Valeriae
1430 404 1597 460 fuisse,
1633 404 1795 450 Publi-

326 479 462 525 colae
484 480 693 525 consulis
716 480 863 535 filiae,
885 497 1097 542 eamque
1119 481 1275 526 solam
1296 480 1537 543 refugisse
1558 481 1796 527 Tiberim-

327 573 422 618 que
451 560 841 602 transnatavisse
869 561 1047 603 ceteris
1076 557 1347 619 opsidibus,
1375 556 1495 620 qui1
1525 556 1757 604 Porsinae
1776 556 1795 585 2

326 634 674 688 mittebantur,
698 637 1013 695 interemptis
1038 634 1291 695 Tarquinii
1315 634 1517 680 insidiis.

388 710 522 756 XIV.
562 710 617 756 L.
667 710 777 756 Piso
837 711 1056 772 prodidit
1118 711 1189 756 M.
1238 711 1452 757 Aemilio
1505 710 1559 757 C.
1607 710 1795 773 Popilio

327 791 506 832 iterum
543 804 639 833 cos.
687 804 713 832 a
752 788 1036 833 censoribus
1075 786 1128 833 P.
1168 787 1397 834 Cornelio
1444 786 1672 849 Scipione
1719 787 1792 833 M.

327 863 513 926 Popilio
542 871 736 910 statuas
765 868 892 910 circa
922 863 1084 910 forum
1115 880 1303 920 eorum,
1333 868 1417 926 qui
1444 868 1794 927 magistratum

324 949 601 1003 gesserant,
634 941 857 987 sublatas
891 958 1061 987 omnes
1095 948 1298 1003 praeter
1331 957 1433 996 eas,
1467 957 1596 1003 quae
1627 941 1792 1003 populi

325 1025 413 1064 aut
456 1025 658 1064 senatus
703 1021 955 1064 sententia
1001 1025 1229 1064 statutae
1275 1025 1459 1073 essent,
1505 1034 1618 1064 eam
1662 1034 1795 1073 vero,

325 1112 474 1156 quarn
496 1095 629 1157 apud
650 1095 828 1141 aedem
848 1095 1056 1140 Telluris
1078 1098 1340 1141 statuisset
1361 1095 1452 1140 sibi
1476 1093 1557 1156 Sp.
1582 1094 1795 1148 Cassius,

325 1175 408 1234 qui
433 1189 643 1234 regnum
669 1171 1034 1227 adfectaverat,
1061 1175 1213 1217 etiam
1241 1170 1509 1217 conflatam
1535 1188 1563 1216 a
1587 1174 1796 1217 censori-

323 1249 430 1295 bus.
497 1253 728 1294 nimirum
756 1252 804 1294 in
832 1265 892 1294 ea
918 1265 1116 1310 quoque
1141 1265 1194 1294 re
1221 1249 1546 1294 ambitionem
1572 1247 1795 1310 provide-

324 1326 448 1371 bant
482 1326 549 1371 illi
585 1329 688 1371 viri.
757 1332 961 1371 exstant
996 1324 1199 1370 Catonis
1235 1328 1284 1370 in
1319 1341 1528 1370 censura
1562 1323 1796 1370 vocifera·

324 1406 484 1448 tiones
536 1402 825 1448 mulieribus
882 1409 1078 1448 statuas
1124 1401 1399 1447 Romanis3
1443 1404 1492 1446 in
1537 1404 1794 1463 provinciis

324 1483 466 1541 poni3
510 1496 602 1525 nec
628 1487 800 1525 tamen
828 1482 993 1540 potuit
1021 1478 1263 1533 inhibere,
1291 1495 1388 1540 quo
1416 1481 1577 1524 minus
1606 1477 1793 1523 Romae

324 1573 521 1618 quoque
572 1564 895 1619 ponerentur,
948 1559 1091 1601 sicuti
1146 1555 1405 1601 Corneliae
1460 1554 1793 1600 Gracchorum

323 1637 488 1689 matri,
525 1650 653 1696 quae
689 1633 785 1679 fuit
821 1632 1042 1679 Africani
1079 1635 1251 1694 prioris
1288 1631 1402 1677 filia.
1470 1631 1647 1677 sedens
1682 1630 1793 1676 huic

324 1713 486 1771 posita
527 1710 771 1772 soleisque
814 1713 919 1755 sine
961 1716 1217 1754 ammento
1260 1712 1461 1771 insignis
1504 1712 1553 1753 in
1598 1707 1793 1754 Metelli

323 1787 520 1848 publica
558 1791 768 1849 porticu,
806 1803 935 1849 quae
974 1794 1143 1832 statua
1182 1802 1313 1831 nunc
1352 1792 1428 1831 est
1465 1788 1514 1830 in
1554 1784 1793 1831 Octaviae

322 1865 567 1925 operibus.

386 1941 492 1987 XV.
532 1941 732 1987 Publice
764 1948 936 1987 autem
971 1941 1034 1985 ab
1071 1943 1255 1985 exteris
1294 1942 1457 2001 posita
1494 1945 1570 1984 est
1605 1938 1792 1984 Romae

323 2017 376 2064 C.
411 2018 554 2064 Aelio
585 2026 648 2064 tr.
682 2018 746 2080 pl.
781 2018 892 2080 lege
924 2017 1120 2079 perlata
1153 2020 1202 2062 in
1235 2015 1531 2062 Sthennium
1563 2014 1790 2061 Stallium

389 2127 402 2150 1
440 2127 515 2165 VJ.
540 2140 661 2176 quae.

390 2180 404 2203 2
434 2181 628 2231 porsinae
653 2180 738 2218 Bl:
782 2192 1028 2230 porsennae.

386 2234 401 2256 ³
431 2238 598 2272 statuas
618 2233 805 2271 romanis
826 2233 884 2272 B:
919 2231 1107 2271 romanis
1128 2235 1295 2270 statuas
1316 2229 1401 2269 rell.
1426 2232 1474 2280 (r.
1497 2229 1541 2268 in
1560 2242 1601 2281 p.
1624 2233 1792 2268 statuas

330 2286 388 2325 cd.
420 2288 517 2325 Par.
550 2288 687 2335 6801).

381 2427 398 2444 ⁰
428 2421 575 2459 Public
610 2419 819 2470 buildings
852 2420 895 2457 in
927 2419 1063 2457 Rome
1096 2417 1261 2457 erected
1298 2417 1352 2468 by
1386 2417 1604 2467 Augustus
1633 2428 1687 2454 011
1717 2415 1788 2454 the

324 2476 402 2513 site
422 2475 469 2512 of
494 2474 699 2512 Metellus'
724 2473 958 2512 colonnade
983 2472 1091 2510 built
1114 2473 1157 2509 in
1181 2472 1254 2509 146
1279 2482 1360 2509 13.c.
1385 2470 1469 2509 and
1501 2468 1652 2508 named
1681 2468 1790 2507 after

325 2529 387 2567 his
405 2528 526 2566 sister
546 2528 739 2566 Octavia.
798 2527 888 2566 The
908 2526 1019 2565 basis
1039 2525 1086 2565 of
1103 2523 1333 2565 Cornelia's
1353 2528 1498 2563 statue
1518 2524 1725 2562 survives.

334 2619 418 2665 150
