1873 3020
182 580 232 617 26

517 203 751 249 PLINY:
806 203 1132 249 NATURAL
1180 202 1471 249 HISTORY

263 332 488 378 infercire
520 332 701 378 leviore
731 335 943 377 materia
972 338 1178 394 propter
1205 347 1375 377 casum
1406 334 1562 377 tutius
1591 347 1729 394 gem-

263 430 454 458 marum
485 412 800 458 sollicitudini
830 418 1032 473 putant,
1063 411 1142 457 alii
1175 412 1266 457 sub
1296 414 1506 473 gemmis
1537 427 1729 457 venena

263 493 487 548 cludunt,
507 496 634 538 sicut
655 491 1022 538 Demosthenes
1043 508 1263 537 summus
1285 491 1527 537 Graeciae
1547 498 1729 546 orator,

265 573 535 634 anulosque
564 576 735 618 mortis
764 575 927 634 gratia
958 571 1162 617 habent.
1230 571 1446 633 denique
1476 571 1551 618 vel
1577 570 1595 600 1
1623 570 1729 633 plu-

263 657 384 698 rima
419 670 568 714 opum
602 652 789 699 scelera
822 652 978 697 anulis
1014 652 1154 697 fiunt.
1222 668 1351 713 quae
1385 651 1480 697 fuit
1512 651 1595 696 illa
1628 654 1730 697 vita

264 737 550 795 priscorum,
573 732 730 794 qualis
753 735 1055 787 innocentia,
1076 735 1126 777 in
1150 748 1247 793 qua
1271 730 1389 777 nihil
1411 731 1727 794 signabatur!

265 830 393 858 nunc
414 814 507 858 cibi
530 829 727 874 quoque
748 829 804 858 ac
824 819 970 874 potus
992 812 1138 857 anulo
1158 811 1472 857 vindicantur
1491 828 1519 856 a
1538 814 1727 873 rapina.

265 893 355 939 hoc
386 892 640 954 profecere
670 895 1028 954 mancipiorum
1059 892 1296 954 legiones,
1325 895 1376 937 in
1406 892 1553 938 domo
1582 891 1730 937 turba

266 981 473 1018 externa
502 990 557 1018 ac
583 976 682 1018 iam
711 989 962 1018 servorum
991 989 1188 1034 quoque
1215 988 1364 1018 causa
1392 971 1731 1018 nomenclator

265 1053 589 1099 adhibendus.
658 1053 803 1098 aliter
821 1053 955 1115 apud
974 1056 1204 1115 antiquos
1223 1052 1402 1114 singuli
1425 1052 1729 1114 Marcipores

267 1133 595 1195 Luciporesve
630 1133 942 1179 dominorum
976 1132 1190 1195 gentiles
1226 1149 1424 1178 omnem
1460 1135 1645 1178 victum
1679 1135 1729 1178 in

265 1216 540 1275 promiscuo
586 1212 860 1268 habebant,
908 1229 999 1258 nec
1046 1212 1145 1258 ulla
1192 1212 1325 1258 domi
1372 1228 1400 1257 a
1447 1212 1730 1258 domesticis

265 1294 488 1339 custodia
537 1310 659 1355 opus
710 1300 833 1339 erat.
901 1309 1031 1338 nunc
1079 1292 1350 1355 rapiendae
1398 1299 1732 1354 conparantur

266 1374 442 1435 epulae
472 1377 759 1436 pariterque
789 1376 872 1436 qui
901 1376 1100 1435 rapiant
1129 1390 1230 1428 eas,
1261 1380 1313 1419 et
1341 1372 1502 1418 claves
1533 1388 1730 1434 quoque

267 1456 393 1514 ipsas
437 1457 658 1516 signasse
702 1470 801 1499 non
846 1460 922 1499 est
964 1456 1100 1498 satis.
1167 1456 1384 1515 gravatis
1427 1469 1599 1498 somno
1642 1459 1731 1498 aut

266 1534 588 1579 morientibus
618 1533 751 1578 anuli
780 1532 1130 1587 detrahuntur,
1159 1536 1413 1594 maiorque
1443 1535 1575 1578 vitae
1604 1535 1731 1578 ratio

265 1616 390 1658 circa
421 1613 511 1659 hoc
541 1617 929 1659 instrumentum
961 1629 1067 1658 esse
1093 1616 1275 1674 coepit,
1300 1616 1545 1658 incertum
1574 1629 1602 1658 a
1632 1629 1729 1674 quo

268 1700 506 1754 tempore.
575 1693 800 1739 videmur
827 1700 1001 1739 tamen
1024 1709 1167 1755 posse
1197 1695 1247 1737 in
1273 1695 1491 1738 externis
1521 1695 1730 1738 auctori-

268 1780 424 1818 tatem
473 1777 576 1819 eius
623 1776 693 1819 rei
740 1773 1033 1836 intellegere
1080 1776 1208 1819 circa
1255 1772 1551 1835 Polycraten
1597 1771 1728 1818 Sami

267 1861 551 1914 tyrannum,
584 1857 660 1899 cui
693 1853 903 1899 dilectus
936 1853 1016 1899 ille
1049 1852 1223 1898 anulus
1256 1856 1307 1897 in
1339 1869 1474 1898 mare
1507 1852 1730 1898 abiectus

265 1940 412 1994 capto
458 1933 643 1979 relatus
693 1940 769 1979 est
816 1936 966 1994 pisce,
1014 1937 1118 1995 ipso
1164 1936 1358 1978 circiter
1404 1947 1551 1978 ccxxx
1598 1932 1728 1977 urbis

796 2041 808 2064 1
840 2041 906 2079 vel
927 2041 1082 2092 Berqlc:
1124 2046 1184 2079 ut.

322 2208 339 2226 α
369 2202 583 2248 Plutarch,
634 2202 664 2241 V
669 2203 714 2241 it.
754 2202 961 2241 Demosth.
1004 2204 1056 2241 29
1095 2207 1258 2252 reports
1297 2214 1322 2239 a
1362 2205 1594 2239 statement
1634 2200 1730 2239 that

268 2256 571 2294 Demosthenes
591 2256 749 2306 always
768 2256 926 2294 carried
947 2269 970 2293 a
991 2257 1139 2306 poison
1158 2256 1200 2293 in
1219 2268 1244 2293 a
1266 2254 1448 2293 bracelet
1467 2267 1522 2293 on
1542 2254 1605 2293 his
1624 2267 1729 2300 arm,

267 2310 349 2347 and
379 2309 475 2347 that
505 2309 555 2347 hc
584 2309 712 2347 killed
741 2309 914 2347 himself
937 2309 1038 2346 with
1069 2309 1101 2347 it
1130 2314 1176 2346 to
1204 2308 1331 2346 avoid
1360 2308 1508 2359 falling
1537 2308 1629 2346 into
1658 2307 1730 2346 the

270 2363 402 2401 hands
421 2363 468 2401 of
483 2363 708 2413 Antipater
727 2363 775 2400 of
789 2362 1008 2407 Macedon,
1030 2363 1106 2401 3:22
1129 2373 1208 2400 B.C.

325 2416 338 2439 ⁶
369 2416 442 2454 Le.
470 2416 721 2455 documents
748 2429 818 2454 arc
845 2415 988 2465 forged
1016 2415 1099 2453 and
1127 2414 1266 2453 scaled
1294 2414 1395 2453 with
1423 2413 1549 2452 faked
1575 2414 1727 2464 signet-

268 2483 326 2507 Νι]
343 2483 389 2507 rs.

322 2484 354 2546 ἑ)
370 2523 430 2560 He
456 2536 537 2559 was
562 2528 637 2573 put
660 2529 704 2559 to
727 2522 855 2559 (leatli
879 2534 910 2559 c.
933 2523 1011 2559 515
1035 2534 1113 2559 ΒΜ.
1143 2522 1195 2571 by
1218 2521 1290 2559 the
1315 2521 1482 2559 Persian
1508 2520 1692 2559 Oroete&

274 2614 325 2643 22
