1873 3020
170 1458 241 1496 103

169 2151 240 2189 104

537 196 776 242 PLINY:
835 196 1161 243 NATURAL
1204 196 1495 243 HISTORY

278 331 451 386 egesta
474 323 682 369 flammis
706 331 858 385 atque
882 323 1003 369 flatu
1029 326 1315 369 tenuissima
1339 330 1483 385 parte
1506 328 1745 370 materiae

279 418 330 456 et
374 413 581 456 camaris
628 410 966 472 lateribusque
1011 408 1283 455 fornacium
1328 426 1416 472 pro
1462 414 1745 472 quantitate

280 497 493 543 levitatis
520 496 785 558 adplicata.
856 499 1143 542 tenuissima
1172 504 1248 542 est
1275 499 1323 542 in
1348 500 1453 558 ipso
1475 496 1745 543 fornacium

277 600 359 629 ore
399 600 549 646 quam
588 583 819 629 flammae
860 582 1188 637 eructarunt,l
1228 583 1481 645 appellata
1519 587 1745 645 capnitis,

279 677 457 716 exusta
504 677 556 716 et
601 673 751 715 nimia
801 669 1005 715 levitate
1051 669 1218 715 similis
1264 669 1477 716 favillae.
1545 673 1748 716 interior

277 765 499 819 optuma,
546 760 752 803 camaris
801 756 1088 818 dependens
1138 763 1190 802 et
1236 757 1299 802 ab
1347 773 1406 803 eo
1452 764 1747 819 argumento

276 845 505 907 botryitis
546 847 820 898 nominata,
860 843 1178 905 ponderosior
1217 842 1341 889 haec
1380 847 1558 905 priore,
1597 843 1747 890 levior

220 944 228 953 ·
275 930 679 977 secuturis—duo
700 934 802 976 eius
823 930 1025 985 colores,
1046 930 1263 976 deterior
1281 934 1522 985 cinereus,
1541 934 1745 992 pumicis

278 1017 449 1063 melior
474 1046 552 1072 —‚
577 1016 780 1063 friabilis
806 1017 1156 1079 oculorumque
1186 1017 1563 1063 medicamentis
1593 1017 1746 1063 utilis-

276 1108 413 1150 sima.
483 1108 633 1150 tertia
657 1111 733 1150 est
754 1107 803 1149 in
824 1104 1062 1150 lateribus
1084 1103 1374 1159 fornacium,
1396 1120 1523 1167 quae
1544 1111 1747 1167 propter

275 1194 577 1254 gravitatem
610 1191 672 1236 ad
703 1208 926 1237 camaras
958 1194 1216 1252 pervenire
1248 1208 1344 1236 non
1376 1194 1554 1252 potuit.
1622 1191 1746 1238 haec

279 1278 458 1324 dicitur
508 1278 717 1339 placitis,
770 1285 820 1323 et
869 1281 975 1339 ipsa
1025 1278 1087 1322 ab
1137 1285 1433 1341 argumento
1482 1277 1745 1340 planitiei2

275 1372 440 1410 crusta
481 1368 639 1410 verius
681 1381 830 1427 quam
870 1381 1073 1426 pumex,
1114 1367 1245 1411 intus
1287 1368 1436 1419 varia,
1476 1364 1539 1411 ad
1579 1382 1744 1427 psoras

275 1451 440 1497 utilior
485 1459 536 1497 et
579 1455 831 1497 cicatrices
876 1451 1161 1498 trahendas.
1232 1450 1395 1497 fiunt³
1439 1468 1500 1498 ex
1545 1468 1605 1498 ea
1647 1452 1744 1498 duo

275 1538 369 1584 alia
405 1554 619 1600 genera3
674 1538 916 1601 onychitis
955 1546 1098 1584 extra
1134 1555 1295 1600 paene
1331 1538 1576 1593 caerulae,
1612 1541 1743 1585 intus

275 1625 475 1688 onychis
520 1625 722 1671 maculis
767 1625 952 1680 similis,
997 1629 1241 1671 ostracitis
1286 1632 1395 1672 tota
1439 1629 1578 1688 nigra
1622 1633 1673 1672 et
1716 1642 1743 1672 e

275 1715 452 1758 ceteris
526 1712 876 1767 sordidissima,
951 1712 1227 1758 volneribus
1302 1715 1517 1758 maxime
1594 1712 1740 1759 utilis.

275 1802 430 1844 omnis
464 1806 635 1844 autem
666 1799 892 1853 cadmea,
925 1802 974 1844 in
1007 1798 1156 1861 Cypri
1176 1798 1196 1827 4
1227 1798 1505 1845 fornacibus
1538 1802 1742 1861 optima,

276 1888 456 1931 iterum
510 1902 538 1930 a
591 1885 794 1931 medicis
848 1889 1076 1948 coquitur
1128 1886 1343 1931 carbone
1397 1902 1519 1947 puro
1572 1893 1742 1948 atque,

276 1972 359 2017 ubi
379 1975 428 2017 in
448 1975 665 2018 cinerem
685 1972 850 2027 rediit,
871 1975 1181 2035 extinguitur
1200 1975 1312 2018 vino
1330 1972 1595 2019 Ammineo
1615 1989 1742 2035 quae

275 2059 337 2104 ad
359 2058 627 2120 emplastra
647 2066 991 2120 praeparatur,
1013 2075 1140 2121 quae
1161 2075 1276 2105 vero
1295 2059 1358 2105 ad
1377 2076 1562 2121 psoras,
1582 2066 1739 2106 aceto.

273 2145 472 2207 quidam
513 2148 561 2190 in
599 2144 702 2191 ollis
743 2145 970 2191 fictilibus
1009 2152 1173 2191 tusam
1211 2153 1361 2191 urunt
1399 2153 1452 2192 et
1486 2145 1656 2192 lavant
1691 2149 1739 2191 in

337 2293 351 2316 ¹
391 2293 480 2331 [ll.
502 2306 609 2343 quae
625 2299 695 2332 aut
713 2307 793 2343 que
808 2299 879 2332 aut
897 2306 979 2344 qua
994 2294 1166 2332 flamma
1179 2299 1397 2333 eructatur
1409 2300 1479 2333 aut
1492 2299 1741 2333 eruebantur

278 2352 348 2385 aut
373 2346 661 2386 fluctuantur:
704 2351 953 2386 eructarunt
979 2348 1181 2398 Mayhoff.

332 2400 347 2423 ²
376 2400 566 2450 planitiei
593 2400 853 2439 Salmaaius:
898 2401 1086 2451 planitie.

332 2454 347 2476 ³
377 2453 485 2491 fiunt
513 2453 575 2492 B:
622 2453 761 2492 fluunt
788 2454 871 2492 rell.

332 2507 346 2529 ⁴
376 2506 540 2557 Cypriis
564 2508 669 2546 coni.
700 2506 894 2557 Mayhoff
907 2522 915 2546 ι
960 2507 1106 2558 cyprio
1131 2512 1202 2546 aut
1228 2507 1374 2558 cypria
1399 2512 1470 2546 aut
1496 2507 1626 2558 cypri.

269 2607 352 2636 202
