1873 3020
568 221 771 268 PLINY
792 239 801 268 :
857 222 1182 268 NATURAL
1227 221 1519 267 HISTORY

312 354 694 413 margaritarum
729 349 907 395 sacculi
943 365 970 394 e
1005 348 1128 394 collo
1161 349 1472 394 dominarum
1506 365 1625 394 auro
1657 364 1775 410 pen·-

311 418 483 470 deant,
532 424 587 462 ut
633 419 681 460 in
729 433 901 461 somno
948 432 1145 477 quoque
1195 419 1430 460 unionum
1476 418 1776 461 conscientia

312 484 468 529 adsit:
516 486 735 528 etiamne
764 483 972 543 pedibus
1000 482 1235 527 induetur
1261 489 1414 544 atque
1442 485 1572 527 inter
1597 481 1774 527 stolam

311 551 611 612 plebemque
670 548 799 594 hunc
858 549 1076 594 medium
1136 548 1432 593 feminarum
1493 555 1774 610 equestrem

312 617 533 662 ordinem
556 615 740 661 faciet?
809 615 1061 660 honestius
1083 617 1169 660 viri
1190 615 1495 677 paedagogis
1516 614 1566 660 id
1584 614 1776 669 damus,

227 690 274 726 41
309 683 631 743 balineasque
666 682 801 727 dives
838 698 1102 743 puerorum
1137 680 1294 726 forma
1329 681 1611 727 convertit.1
1675 684 1773 726 iam

312 766 427 795 vero
456 757 507 794 et
535 749 881 810 Harpocraten
908 755 1203 809 statuasque
1229 749 1594 810 Aegyptiorum
1620 750 1777 792 numi-

312 833 428 861 num
455 819 503 860 in
528 815 696 875 digitis
722 818 807 860 viri
834 831 1031 877 quoque
1056 822 1256 876 portare
1281 817 1537 876 incipiunt.
1605 813 1700 860 fuit
1725 821 1776 860 et

310 883 407 928 alia
433 882 626 927 Claudii
652 885 931 943 principatu
958 880 1237 927 differentia
1263 881 1475 926 insolens
1500 884 1574 935 iis,
1600 880 1776 942 quibus

310 949 631 994 admissiones
652 948 670 977 2
719 948 905 993 liberae
926 948 945 975 3
997 952 1069 993 ius
1093 948 1112 976 ‘²
1165 947 1421 993 dedissent
1442 948 1462 977 5
1508 950 1776 1009 imaginem

310 1019 540 1077 principis
571 1031 631 1060 ex
661 1032 779 1061 auro
806 1018 855 1059 in
884 1014 1031 1059 anulo
1057 1014 1282 1077 gerendi,
1308 1030 1492 1076 magna
1518 1017 1776 1059 criminum

309 1086 583 1136 occasione,
620 1098 748 1143 quae
785 1085 949 1127 omnia
985 1081 1214 1126 salutaris
1252 1087 1452 1126 exortus
1486 1079 1775 1142 Vespasiani

311 1152 622 1210 imperatoris
643 1148 860 1194 abolevit
879 1147 1155 1210 aequaliter
1172 1147 1470 1209 publicando
1489 1150 1774 1208 principem.

311 1216 374 1262 de
405 1215 561 1260 anulis
593 1218 753 1260 aureis
785 1231 976 1276 usuque
1007 1231 1176 1260 eorum
1207 1213 1448 1259 hactenus
1478 1217 1542 1259 sit
1571 1213 1774 1259 dictum.

229 1288 281 1325 42
376 1282 520 1327 XIII.
560 1281 845 1327 Proximum
881 1281 1038 1327 scelus
1074 1280 1171 1326 fuit
1207 1284 1327 1335 eius,
1365 1283 1446 1342 qui
1488 1283 1672 1342 primus
1715 1296 1775 1325 ex

315 1365 434 1393 auro
460 1348 719 1394 denarium
745 1351 977 1410 signavit,
1003 1347 1135 1409 quod
1163 1354 1215 1393 et
1239 1350 1400 1409 ipsum
1423 1347 1551 1392 latet
1576 1354 1777 1392 auctore

316 1419 518 1460 incerto.
587 1414 796 1476 populus
830 1414 1080 1460 Romanus
1115 1430 1176 1459 ne
1209 1421 1418 1475 argento
1450 1413 1651 1476 quidem
1683 1417 1774 1476 sig-

312 1489 430 1527 nato
489 1489 607 1527 ante
668 1481 911 1544 Pyrrhum
971 1497 1141 1542 regem
1200 1480 1451 1526 devictum
1510 1497 1624 1525 usus
1684 1487 1774 1525 est.

312 1548 693 1593 libralis—unde
716 1551 869 1593 etiam
891 1564 1020 1593 nunc
1042 1547 1207 1593 libella
1228 1547 1407 1593 dicitur
1428 1554 1480 1592 et
1499 1546 1777 1608 dupondius

312 1615 756 1676 —adpendebatur
806 1618 953 1668 assis3
1023 1630 1177 1676 quare
1229 1617 1355 1659 aeris
1405 1617 1566 1676 gravis
1617 1629 1777 1675 poena

311 1681 462 1735 dicta,
491 1689 542 1727 et
569 1681 730 1727 adhuc
759 1697 977 1743 expensa
1005 1684 1054 1726 in
1080 1681 1353 1726 rationibus
1380 1680 1628 1735 dicuntur,
1654 1683 1776 1726 item

377 1793 389 1815 ¹
421 1793 631 1831 converrit
652 1793 695 1831 J.
721 1793 886 1831 Milller.

374 1847 388 1868 ²
418 1846 695 1883 admissiones
727 1847 984 1884 Mommsen:
1020 1845 1321 1883 admissionem
1353 1844 1439 1884 cdd.
1464 1845 1592 1894 pler.:
1624 1844 1775 1883 admis-

319 1897 540 1947 sionllills
566 1900 631 1937 32.

374 1954 389 1976 3
418 1953 573 1990 liberae
603 1952 666 1991 B:
713 1952 853 1990 liberti
883 1952 966 1991 rell.

373 2006 389 2029 ⁴
418 2007 482 2043 ius
506 2007 636 2055 Lips:
676 2005 776 2044 eius.

374 2059 389 2082 ⁵
418 2059 603 2097 dedisset
624 2060 729 2098 coni.
751 2059 847 2097 Ιαη.

366 2184 385 2202 ⁰
413 2178 487 2217 I.e.
510 2178 609 2229 gold
632 2184 878 2217 ornaments
900 2191 955 2216 on
977 2178 1049 2216 the
1072 2178 1392 2228 sandal-straps.

372 2232 387 2257 ⁶
415 2232 514 2270 Said
535 2238 580 2270 to
601 2232 709 2270 have
731 2232 835 2270 been
855 2231 927 2269 the
949 2231 1163 2283 Egyptian
1184 2231 1266 2281 god
1286 2231 1334 2269 of
1348 2230 1511 2269 silence.

371 2291 385 2310 ⁶
415 2285 486 2324 I.e.
526 2285 776 2323 committed
814 2286 981 2335 against
1017 2285 1090 2323 the
1127 2285 1294 2323 welfare
1331 2284 1379 2322 of
1413 2283 1631 2323 mankind.
1690 2284 1777 2323 The

315 2344 442 2378 worst
463 2339 590 2376 crime
612 2352 695 2376 was
716 2338 788 2376 the
809 2338 1099 2376 introduc-tion
1120 2338 1167 2376 of
1182 2338 1279 2388 gold
1301 2338 1425 2388 rings,
1448 2339 1466 2386 ξ
1487 2339 1522 2376 8.

367 2391 385 2416 ‘¹
413 2392 551 2441 Equal
571 2393 613 2430 in
635 2392 759 2430 value
779 2397 826 2430 to
847 2393 897 2430 25
918 2391 1043 2429 silver
1063 2391 1235 2429 denarii.

368 2452 382 2470 ⁶
409 2436 496 2483 The
521 2458 569 2483 as
596 2458 680 2483 was
709 2445 890 2483 reduced
916 2445 959 2483 in
988 2444 1142 2496 weight
1171 2445 1214 2483 in
1241 2444 1316 2483 the
1347 2445 1412 2482 lst
1442 2443 1575 2482 Punic
1604 2443 1704 2483 War
1733 2456 1779 2482 or

317 2512 419 2538 soon
440 2498 565 2536 after.

363 2549 382 2580 l
409 2552 443 2590 A
466 2553 580 2601 piece
599 2550 734 2589 worth
753 2556 838 2588 two
856 2563 980 2590 asses.

319 2644 372 2687 34
