1873 3020
167 1555 240 1594 106

532 207 772 254 PLINY:
830 207 1156 253 NATURAL
1199 205 1488 252 HISTORY

271 338 533 389 mortariis,
591 342 763 396 postea
819 339 1019 380 siccant.
1091 333 1470 395 Nymphodorus
1527 333 1738 394 lapidem

274 427 431 484 ipsum
451 438 598 484 quam
626 424 967 483 gravissimum
995 423 1440 481 spississimumque
1461 422 1558 465 urit
1584 435 1740 481 pruna

275 517 326 554 et
374 516 605 554 exustum
655 507 776 553 Chio
825 510 935 553 vino
983 509 1248 569 restinguit
1295 506 1579 568 tunditque,
1626 523 1739 552 mox

275 595 425 640 linteo
470 595 653 640 cribrat
698 602 851 656 atque
897 597 945 639 in
991 597 1226 639 mortario
1271 596 1407 647 terit,
1452 609 1567 638 mox
1612 609 1741 654 aqua

274 682 437 743 pluvia
464 688 684 727 macerat
711 684 992 742 iterumque
1019 683 1138 725 terit
1163 679 1295 742 quod
1320 679 1560 734 subsedit,
1584 679 1741 725 donec

272 784 500 813 cerussae
535 767 692 813 simile
728 767 832 822 fiat,
868 766 999 812 nulla
1035 767 1261 812 dentium
1296 765 1495 812 offensa.
1564 766 1739 812 eadem

276 854 427 900 Iollae
468 858 612 909 ratio,
654 854 740 900 sed
783 871 931 916 quarn
974 856 1286 915 purissimum
1329 853 1468 915 eligit
1507 852 1739 914 lapidem.

274 941 466 987 XXIII.
503 941 742 987 cadmeae
781 940 983 987 effectus
1020 943 1220 994 siccare,
1255 955 1538 1001 persanare,
1567 943 1741 985 sistere

275 1028 548 1083 fluctiones,
601 1032 833 1091 pterygia
887 1035 939 1073 et
990 1027 1156 1073 sordes
1209 1026 1460 1072 oculorum
1512 1043 1740 1089 purgare,

271 1116 554 1161 scabritiam
591 1122 864 1160 extenuare
899 1122 950 1160 et
985 1114 1222 1176 quidquid
1256 1117 1305 1159 in
1339 1113 1526 1175 plumbi
1561 1113 1740 1159 effectu

270 1202 503 1248 dicemus.

338 1289 403 1334 Et
433 1305 515 1334 aes
548 1292 706 1350 ipsum
739 1292 896 1334 uritur
926 1289 989 1334 ad
1019 1291 1182 1334 omnia
1215 1288 1410 1342 eadem,
1441 1294 1740 1349 praeterque

273 1375 530 1438 albugines
585 1376 836 1421 oculorum
892 1382 944 1420 et
997 1378 1268 1427 cicatrices,
1324 1374 1487 1420 ulcera
1542 1390 1739 1436 quoque

273 1462 523 1508 oculorum
555 1480 664 1508 cum
699 1462 828 1508 lacte
859 1469 1031 1516 sanat3
1081 1465 1252 1523 itaque
1284 1462 1523 1524 Aegyptii
1555 1460 1737 1523 collyrii

274 1549 320 1595 id
358 1549 504 1595 modo
541 1556 712 1595 terunt
750 1553 799 1594 in
835 1548 1069 1594 coticulis.
1138 1547 1258 1594 facit
1296 1555 1346 1593 et
1383 1550 1674 1594 vomitiones
1712 1565 1739 1594 e

273 1635 420 1681 melle
447 1643 716 1698 sumptum.
788 1639 944 1681 uritur
971 1643 1141 1680 autem
1170 1635 1407 1697 Cyprium
1433 1637 1482 1680 in
1510 1634 1738 1681 fictilibus

272 1723 432 1768 crudis
462 1740 574 1768 cum
603 1723 812 1784 sulpuris
843 1726 946 1784 pari
978 1722 1213 1783 pondere,
1244 1738 1467 1767 vasorum
1488 1720 1507 1749 1
1536 1724 1739 1767 circum-

274 1809 360 1855 lito
395 1813 715 1870 spiramento,
750 1813 801 1854 in
834 1812 1054 1863 caminis,
1090 1809 1247 1854 donec
1282 1824 1396 1853 vasa
1431 1811 1536 1870 ipsa
1571 1824 1739 1869 perco-

273 1904 504 1958 quantur.
574 1897 776 1958 quidam
818 1903 870 1941 et
908 1895 1062 1941 salem
1102 1895 1310 1950 addunt,
1350 1895 1499 1957 aliqui
1539 1894 1737 1941 alumen

273 1999 360 2044 pro
392 1982 608 2044 sulpure,
641 1982 720 2027 alii
756 1982 891 2036 nihil,
924 1982 1011 2028 sed
1044 1989 1187 2027 aceto
1218 1989 1416 2027 tantum
1449 1989 1734 2044 aspergunt.
1793 2001 1799 2006 ·

274 2077 439 2115 ustum
480 2073 659 2115 teritur
698 2069 786 2114 in2
825 2072 1061 2114 mortario
1100 2068 1365 2121 Thebaico,
1404 2084 1533 2130 aqua
1572 2068 1736 2130 pluvia

273 2155 465 2200 lavatur
501 2159 783 2218 iterumque
819 2156 1015 2201 adiecta
1052 2156 1260 2217 largiore
1298 2158 1476 2200 teritur
1513 2161 1580 2209 et,
1617 2155 1734 2200 dum

272 2242 512 2297 considat,
541 2242 851 2304 relinquitur,
881 2241 972 2287 hoc
1001 2245 1212 2303 saepius,
1243 2242 1398 2287 donec
1428 2241 1491 2286 ad
1520 2244 1734 2303 speciem

589 2349 603 2372 1
634 2361 832 2387 vasorum
857 2348 1050 2398 Maylmsf
1062 2365 1070 2387 :
1113 2361 1215 2386 vaso
1236 2354 1307 2387 ααι
1330 2361 1440 2386 vase.

582 2403 598 2426 ²
627 2402 670 2440 in
689 2401 781 2440 add.
806 2402 1007 2452 Illayhojf.

500 2524 517 2542 ⁰
547 2520 582 2557 A
604 2519 782 2557 medical
803 2532 901 2557 man
923 2519 970 2556 of
987 2519 1058 2556 the
1079 2518 1191 2556 third
1215 2523 1392 2568 century
1416 2530 1496 2556 Re.

265 2610 350 2651 204
