1873 3020
247 1292 297 1329 34

591 220 824 267 PLINY:
878 221 1205 267 NATURAL
1249 220 1544 268 HISTORY

330 356 534 411 propter
549 348 672 395 haec
687 349 968 395 discrimina
985 348 1037 395 C.
1060 352 1286 411 princeps
1303 349 1554 396 decuriam
1571 353 1795 412 quintam

330 443 529 498 adiecit,
558 449 860 505 tantumque
893 449 1098 488 enatum
1131 450 1207 489 est
1236 442 1412 498 fastUS,
1442 449 1516 498 ut,
1547 459 1676 506 quae
1706 444 1797 489 sub

329 537 441 582 divo
478 537 708 599 Augusto
744 536 935 598 impleri
975 553 1071 583 non
1109 543 1396 598 potuerant,
1433 536 1663 583 decuriae
1700 554 1798 583 non

328 633 530 692 capiant
565 646 680 676 eum
715 630 956 684 ordinem,
992 633 1275 693 passimque
1311 630 1375 676 ad
1409 637 1705 677 ornamenta
1738 647 1798 677 ea

331 727 483 770 etiam
510 727 751 769 servitute
777 723 974 770 liberati
1000 724 1299 779 transiliant,
1325 724 1458 786 quod
1483 731 1634 770 antea
1659 741 1798 770 num-

330 834 480 880 quam
506 824 615 863 erat
639 816 846 872 factum,
871 821 1106 880 quoniam
1128 817 1146 847 1
1170 817 1331 864 ferreo
1355 817 1502 864 anulo
1527 825 1580 864 et
1604 821 1797 880 equites

331 911 615 973 iudicesque
638 911 1077 973 intellegebantur.
1146 911 1372 974 adeoque
1394 911 1445 957 id
1466 914 1797 973 promiscuum

332 1021 438 1050 esse
466 1007 649 1066 coepit,
678 1011 735 1051 ut
763 1004 897 1066 apud
925 1004 1189 1051 Claudium
1218 1004 1486 1051 Caesarem
1513 1008 1564 1050 in
1591 1021 1797 1051 censura

331 1101 434 1144 eius
468 1115 592 1143 unus
627 1115 689 1144 ex
724 1098 974 1160 equitibus
1008 1097 1202 1143 Flavius
1236 1097 1469 1144 Proculus
1501 1114 1611 1145 cccc
1644 1115 1705 1144 ex
1738 1115 1797 1144 ea

328 1208 476 1237 causa
513 1208 621 1237 reos
660 1191 951 1253 postularet.
1019 1195 1091 1237 ita
1127 1191 1245 1237 dum
1283 1199 1544 1253 separatur
1579 1191 1698 1238 ordo
1734 1192 1797 1237 ab

331 1288 575 1347 ingenuis,
608 1288 1000 1331 communicatus
1035 1292 1111 1330 est
1143 1302 1255 1330 cum
1288 1288 1513 1331 servitiis.
1581 1285 1797 1332 iudicum

329 1384 498 1423 autem
549 1378 885 1440 appellatione
935 1395 1168 1440 separare
1219 1395 1332 1424 eum
1382 1379 1605 1424 ordinem
1654 1382 1797 1441 primi

329 1474 547 1517 omnium
586 1475 847 1518 instituere
885 1471 1094 1519 Gracchi
1130 1471 1340 1518 discordi
1376 1472 1713 1534 popularitate
1747 1476 1797 1518 in

328 1564 681 1611 contumeliam
746 1572 967 1621 senatus,
1032 1582 1147 1612 mox
1212 1565 1465 1612 debellata
1529 1569 1797 1612 auctoritas

331 1661 538 1704 nominis
584 1662 717 1705 vario
761 1658 1063 1705 seditionum
1109 1666 1293 1705 eventu
1337 1662 1466 1705 circa
1510 1659 1796 1721 publicanos

330 1752 554 1798 substitit
592 1759 644 1798 et
681 1752 985 1815 aliquamdiu
1023 1756 1205 1798 tertiae
1243 1755 1386 1799 sortis
1424 1755 1512 1798 viri
1549 1753 1795 1815 publicani

332 1844 485 1891 fuere.
557 1845 628 1891 M.
658 1845 830 1892 Cicero
857 1845 1059 1892 demum
1087 1845 1328 1892 stabilivit
1356 1853 1588 1909 equestre
1616 1863 1796 1892 nomen

332 1942 378 1983 in
402 1938 662 1985 consulatu
686 1956 774 1986 suo
799 1938 1108 1985 Catilinianis
1134 1941 1297 1995 rebuS‚
1324 1956 1386 1986 ex
1411 1956 1470 1986 eo
1494 1939 1665 1986 ordine
1688 1957 1795 2002 pro-

331 2031 517 2078 fectum
543 2048 595 2078 se
622 2032 878 2079 celebrans
906 2035 1110 2096 eiusque
1138 2036 1262 2079 vires
1289 2032 1524 2095 peculiari
1550 2033 1796 2095 populari-

334 2132 440 2171 tate
477 2142 735 2188 quaerens.
804 2126 866 2173 ab
902 2126 984 2172 illo
1020 2133 1246 2188 tempore
1281 2127 1429 2189 plane
1464 2125 1556 2173 hoc
1590 2130 1795 2173 tertium

332 2235 504 2281 corpus
539 2221 588 2265 in
622 2235 674 2265 re
708 2235 755 2281 p.
791 2218 980 2266 factum
1016 2226 1108 2273 est,
1142 2223 1408 2282 coepitque
1441 2219 1567 2266 adici
1599 2223 1794 2266 senatui

738 2346 753 2370 ²
784 2348 984 2398 quoniam
1008 2347 1222 2399 Mayhoff:
1263 2339 1335 2397 qffi
1356 2348 1412 2386 in.

583 2550 599 2565 '¹
630 2545 677 2583 ln
704 2545 789 2584 fact
810 2545 853 2584 C.
877 2544 1105 2591 Gracchus,
1129 2545 1298 2585 tribune
1323 2546 1453 2586 123-2
1476 2557 1557 2585 B.c.

341 2621 395 2665 28
