1873 3020
542 194 779 241 PLINY:
837 195 1165 242 NATURAL
1209 196 1502 244 HISTORY

290 324 536 367 hominem
566 341 624 367 ex
652 340 765 368 aere
791 323 926 377 fecit,
952 325 1039 369 sed
1063 325 1487 371 iracundiam—et
1511 325 1753 372 Achillem

290 388 521 443 nobilem,
545 392 665 434 item
689 393 939 450 epistaten
962 398 1281 436 exercentem
1303 391 1547 446 athletas;
1587 391 1752 438 Stron-

288 455 454 517 gylion
511 456 833 509 Amazonem,
888 473 1037 518 quam
1091 457 1154 502 ab
1209 456 1506 503 excellentia
1558 475 1753 504 crurum

289 537 561 567 eucnemon
612 522 884 583 appellant,
936 523 999 568 ob
1050 523 1099 568 id
1150 525 1199 568 in
1250 527 1492 570 comitatu
1545 524 1752 571 Neronis

286 591 516 649 principis
563 588 918 634 circumlatam.
987 589 1120 635 idem
1166 588 1286 636 fecit
1331 606 1558 651 puerum,
1606 608 1753 653 quem

287 655 499 700 amando
539 654 719 700 Brutus
762 654 1105 716 Philippiensis
1145 659 1438 718 cognomine
1478 673 1566 703 suo
1605 657 1750 703 inlus-

203 727 252 764 83
286 724 451 766 travit.
522 721 825 775 Theodorus,
886 725 968 784 qui
1028 721 1367 784 labyrinthum
1426 722 1546 769 fecit
1604 723 1753 778 Sami,

287 790 390 848 ipse
431 803 483 833 se
526 803 586 832 ex
628 804 742 833 aere
783 787 927 834 fudit.
998 796 1197 849 praeter
1237 788 1568 836 similitudinis
1609 793 1753 836 mira-

286 853 436 898 bilem
453 853 639 899 famam
660 854 677 882 1
694 871 877 916 magna
894 854 1174 915 suptilitate
1192 855 1500 902 celebratur:
1521 856 1540 885 2
1574 856 1754 903 dextra

288 919 453 965 limam
519 927 678 975 tenet,
744 921 883 966 laeva
949 922 1106 967 tribus
1172 922 1339 984 digitis
1405 923 1751 985 quadrigulam

286 990 466 1041 tenuit,
483 987 717 1033 tralatam
735 987 1005 1033 Praeneste
1021 990 1280 1049 parvitatis
1297 988 1316 1016 3
1332 996 1389 1034 ut
1403 989 1694 1036 miraculum
1711 990 1754 1036 :4

286 1056 471 1114 pictam
492 1053 512 1082 ⁵
549 1070 661 1099 eam
697 1071 993 1116 currumque
1031 1061 1083 1100 et
1119 1058 1343 1116 aurigam
1379 1058 1631 1118 integeret
1666 1055 1752 1102 alis

285 1120 427 1165 simul
449 1119 584 1166 facta
604 1137 788 1166 musca.
861 1121 1185 1176 Xenocrates,
1199 1122 1448 1168 Tisicratis
1471 1123 1752 1184 discipulus,

286 1193 341 1231 ut
376 1186 473 1240 alii,
511 1186 849 1249 Euthyci·atiS‚
885 1191 1001 1233 vicit
1036 1195 1272 1250 utrosque
1308 1193 1449 1250 copia
1484 1192 1750 1252 signorum.

286 1260 338 1298 et
360 1253 423 1298 de
446 1270 533 1298 sua
557 1260 664 1298 arte
688 1257 964 1314 composuit
987 1254 1249 1300 volumina.

202 1325 253 1363 84
350 1319 519 1365 Plures
549 1320 760 1365 artifices
789 1320 953 1366 fecere
982 1320 1143 1366 Attali
1173 1328 1225 1367 et
1252 1321 1488 1367 Eumenis
1517 1322 1750 1368 adversus

286 1385 451 1431 Gallos
497 1386 700 1447 proelia,
745 1387 987 1449 Isigonus,
1033 1387 1384 1450 Pyromachus‚
1428 1387 1751 1443 Stratonicus,

284 1452 583 1513 Antigonus,
641 1456 722 1515 qui
781 1454 1029 1499 volumina
1085 1454 1306 1500 condidit
1361 1454 1424 1500 de
1480 1471 1570 1500 sua
1625 1462 1748 1501 arte.

284 1518 480 1573 Boethi,
511 1536 813 1581 quamquam
843 1527 1052 1582 argento
1082 1520 1311 1575 melioris,
1342 1520 1502 1566 infans
1533 1521 1752 1583 amplex-

284 1586 412 1630 ando
435 1585 454 1614 ⁶
478 1602 704 1631 anserem
727 1587 1023 1649 strangulat.
1092 1594 1245 1649 atque
1270 1604 1331 1633 ex
1355 1588 1598 1642 omnibus,
1623 1604 1751 1650 quae

283 1652 472 1706 rettuli,
498 1652 765 1698 clarissima
791 1670 1019 1716 quaeque
1045 1656 1095 1699 in
1121 1655 1241 1699 urbe
1267 1656 1367 1699 iam
1392 1662 1508 1700 sunt
1533 1655 1699 1701 dicata
1724 1671 1752 1700 a

348 1759 362 1782 ²
392 1760 680 1798 similitudinis
711 1760 947 1799 mirabilem
979 1762 1138 1799 famam
1171 1761 1232 1800 B:
1283 1761 1606 1801 similitudinem
1636 1761 1752 1800 fama

295 1813 401 1851 rell.:
445 1826 476 1851 s.
501 1813 687 1852 nobilem
710 1814 738 1853 f.
764 1814 849 1852 edd.
876 1821 965 1853 vett.

346 1867 361 1889 ²
391 1867 628 1905 celebratur
647 1867 691 1906 J.
716 1868 896 1907 Mizller:
937 1868 1183 1906 celebratus.

345 1920 360 1942 ³
391 1921 619 1971 parvitatis
635 1921 672 1959 B
690 1936 699 1960 ι
733 1925 883 1959 tantae
898 1934 938 1972 p.
957 1922 1040 1960 rell.

346 1974 361 1995 ⁴¹
391 1974 595 2012 miraculi]
610 1974 804 2025 illayhoff
813 1990 821 2013 ι
858 1979 907 2012 ut
926 1974 1129 2013 miraculo
1148 1974 1185 2012 B
1203 1977 1298 2025 (o‘m.
1320 1975 1523 2014 miraculo
1542 1975 1668 2025 rell.):
1702 1981 1750 2014 ut

290 2027 443 2065 mirum
466 2027 581 2066 dictu
607 2028 788 2066 Traube:
819 2026 894 2065 del.
916 2031 966 2066 ut
990 2026 1164 2066 Urlichs.

344 2079 359 2102 ⁵
389 2081 549 2131 pictam
570 2081 633 2120 B:
676 2085 817 2120 totam
837 2082 920 2120 rell.
941 2098 948 2120 :
993 2081 1138 2119 fictam
1164 2081 1305 2120 Stuart
1323 2081 1475 2122 Jones:
1516 2082 1675 2133 pictam
1701 2087 1749 2121 ut

291 2133 464 2172 Urlichs.

345 2187 360 2210 θ
391 2187 677 2237 amplexando
741 2188 926 2226 Traube:
1007 2200 1216 2226 annosum
1279 2188 1396 2238 (olim
1456 2188 1497 2226 vi
1560 2188 1748 2237 annisus)

291 2240 530 2279 Buecheler:
567 2242 608 2278 vi
625 2253 834 2279 annosum
853 2241 1050 2280 Meister:
1087 2242 1127 2279 vi
1147 2241 1281 2280 Kalb:
1316 2241 1358 2279 vi
1376 2253 1530 2279 aenum
1547 2241 1744 2292 Boisacq:

289 2306 341 2330 ex
367 2307 462 2331 aere
489 2294 542 2332 II.
571 2294 714 2333 Stein:
759 2295 953 2332 sexennis
979 2294 1024 2333 Ο.
1053 2294 1195 2333 Jahn:
1239 2307 1291 2333 ex
1317 2295 1461 2333 animo
1486 2295 1595 2334 Ian:
1640 2295 1748 2333 ulnis

295 2346 478 2385 Urlichs:
513 2348 671 2385 eximiii
692 2347 904 2398 Mayhoff:
937 2360 1009 2386 sex
1029 2361 1142 2386 anno
1162 2348 1220 2386 B:
1256 2360 1328 2386 sex
1349 2348 1470 2386 annis
1490 2348 1567 2387 13²:
1597 2348 1748 2387 eximie

289 2406 359 2438 aut
383 2401 562 2439 eximiae
586 2401 669 2439 rell.

764 2523 782 2542 ‘¹
811 2518 898 2556 The
916 2518 1074 2569 temple
1091 2517 1139 2556 of
1153 2518 1279 2557 Hera.

284 2597 368 2642 188
