1899 3015
229 530 298 568 191

229 1128 302 1168 192

231 1462 303 1502 193

231 1729 306 1768 194

591 193 833 240 PLINY:
890 192 1218 238 NATURAL
1261 191 1555 238 HISTORY

337 322 601 383 generibus
644 320 874 373 diximus,
916 319 1160 365 efficacius
1202 318 1524 380 intellegatur
1565 333 1627 363 ex
1672 316 1807 364 Melo

338 389 616 433 advectum.
685 386 766 432 Ad
786 386 803 414 1
827 385 1038 448 reliquos
1061 402 1176 431 usus
1198 388 1329 430 vitae
1352 388 1401 430 in
1422 387 1562 430 coriis
1584 384 1806 446 lanisque

338 454 647 517 perficiendis
683 456 855 515 quanti
891 456 955 498 sit
988 455 1247 505 momenti,
1281 451 1612 513 significatum
1648 458 1738 496 est.

402 521 539 567 LIII.
577 521 657 566 Ab
704 520 776 565 his
823 536 912 581 per
956 535 1008 564 se
1055 519 1118 564 ad
1164 518 1458 564 medicinam
1505 520 1807 580 pertinentia

337 595 500 634 terrae
544 603 730 649 genera
772 586 1112 632 tractabimus.
1181 585 1375 630 Samiae
1420 600 1457 630 11
1501 591 1634 638 sunt,
1678 600 1807 646 quae

336 655 590 717 collyrium
638 660 690 699 et
735 670 864 715 quae
910 660 1043 698 aster
1089 651 1417 714 appellantur.
1486 654 1657 713 prioris
1703 651 1807 697 laus

338 729 393 767 ut
438 737 608 767 recens
654 723 718 766 sit
763 736 819 765 ac
864 719 1151 765 lenissima2
1196 718 1496 781 linguaeque
1541 717 1807 780 glutinosa,

339 789 496 834 altera
510 787 788 850 glaebosior
807 786 826 815 3
843 802 853 841 3
887 786 1097 832 candida
1113 792 1340 847 utraque.
1410 788 1585 839 uritur,
1599 784 1805 830 lavatur.

337 864 452 901 sunt
500 857 583 916 qui
630 853 917 916 praeferant
964 856 1192 914 priorem.
1260 859 1467 914 prosunt
1513 854 1804 914 sanguinem

338 922 700 983 expuentibus;
769 920 1165 982 emplastrisque,
1217 935 1346 980 quae
1396 918 1609 964 siccandi
1660 935 1807 964 causa

337 994 717 1050 componuntur,
801 986 1051 1033 oculorum
1143 1002 1341 1048 quoque
1431 985 1807 1031 medicamentis

335 1059 618 1101 miscentur.
1460 1105 1469 1112 ,

404 1121 531 1167 LIV.
569 1122 765 1167 Eretria
800 1120 1013 1166 totidem
1050 1118 1352 1165 differentias
1390 1117 1560 1173 habet,
1592 1134 1807 1180 namque

338 1196 413 1235 est
456 1189 568 1234 alba
611 1195 663 1234 et
705 1191 918 1241 cinerea,
961 1203 1089 1249 quae
1132 1185 1414 1248 praefertur
1455 1189 1504 1231 in
1546 1185 1805 1231 medicina.

338 1256 577 1318 probatur
634 1254 841 1300 mollitia
900 1260 952 1299 et
1010 1253 1160 1315 quod,
1219 1256 1256 1298 si
1317 1268 1431 1298 aere
1490 1252 1808 1314 perducatur,

336 1322 594 1368 violacium
653 1321 818 1367 reddit
876 1320 1103 1366 colorem.
1173 1323 1242 1365 vis
1302 1326 1355 1365 et
1411 1322 1538 1365 ratio
1597 1322 1701 1365 eius
1759 1322 1807 1364 in

337 1389 585 1435 medendo
628 1388 761 1434 dicta
806 1395 881 1433 est
926 1390 1055 1432 inter
1098 1389 1370 1449 pigmenta.

404 1455 503 1502 LV.
542 1455 761 1501 Lavatur
776 1457 932 1500 omnis
949 1457 1197 1499 terra——in
1213 1453 1304 1498 hoc
1321 1455 1453 1498 enim
1468 1452 1573 1498 loco
1589 1452 1808 1498 dicemus

336 1521 600 1584 —perfusa
637 1538 767 1583 aqua
803 1524 1086 1582 siccataque
1124 1520 1322 1573 solibus,
1359 1523 1542 1565 iterum
1580 1535 1642 1565 ex
1680 1535 1809 1581 aqua

338 1593 458 1635 trita
491 1605 546 1634 ac
580 1591 813 1650 reposita,
847 1588 1004 1633 donec
1038 1587 1262 1633 considat
1296 1593 1348 1632 et
1381 1586 1538 1649 digeri
1572 1589 1726 1648 possit
1759 1589 1808 1631 in

338 1656 572 1719 pastillos.
641 1658 870 1717 coquitur
910 1658 958 1699 in
1000 1654 1230 1699 calicibus
1271 1654 1443 1699 crebro
1483 1655 1742 1698 concussis

405 1723 532 1769 LVI.
570 1722 661 1768 Est
680 1725 729 1767 in
746 1722 1154 1767 medicaminibus
1173 1727 1225 1766 et
1242 1719 1365 1766 Chia
1379 1726 1514 1766 terra
1528 1720 1805 1765 candicans.

338 1789 542 1835 effectus
575 1792 678 1835 eius
710 1789 843 1834 idem
863 1789 883 1817 4
916 1791 1000 1850 qui
1032 1787 1254 1841 Samiae3
1305 1803 1419 1832 usus
1452 1786 1514 1832 ad
1546 1786 1807 1831 mulierum

340 1860 555 1902 maxime
591 1863 773 1902 cutem.
843 1855 975 1901 idem
1013 1862 1064 1900 et
1100 1854 1386 1900 Selinusiae.
1456 1853 1601 1899 lactei
1637 1853 1808 1899 coloris

405 1974 417 1996 ¹
448 1973 693 2012 advectum.
751 1972 817 2011 Ad
847 1973 901 2011 K.
934 1972 979 2011 C.
1012 1973 1184 2021 Bailey:
1232 1971 1461 2010 advectum
1500 1983 1598 2009 nam
1637 1969 1692 2008 ad
1720 1969 1806 2009 cdd.

345 2041 418 2076 pro
438 2040 537 2065 nam
557 2028 662 2066 coni.
684 2027 768 2064 iam
790 2027 947 2074 Bailegs.

389 2081 402 2103 ²
433 2080 645 2119 lenissima
671 2080 759 2118 cdd.
789 2079 909 2127 (lenis
936 2079 996 2117 cd.
1026 2079 1123 2117 Par.
1152 2078 1305 2127 6801):
1351 2076 1563 2116 levissima
1591 2075 1807 2126 Detlessen,

339 2134 500 2173 Urlichs
520 2149 528 2173 ε
567 2134 670 2172 levis
692 2133 941 2172 Hermolaus
962 2132 1184 2171 Barbarus.

397 2190 412 2211 ³
441 2188 678 2239 glaebosior
701 2187 822 2237 Silliq
842 2203 849 2225 :
891 2186 1100 2236 glebosior
1122 2191 1193 2224 aut
1213 2184 1438 2236 globosior.

400 2243 416 2265 ⁴¹
445 2242 533 2279 eius
560 2241 671 2279 idem
700 2240 916 2290 Illayhojf:
962 2239 1164 2277 eiusdem.

398 2376 416 2394 ⁰
445 2369 664 2409 Kaolinitc
700 2382 746 2408 or
783 2368 1035 2419 china-clay,
1074 2367 1209 2406 which
1246 2368 1279 2405 is
1315 2366 1559 2405 sometimes
1595 2365 1728 2404 found
1765 2366 1807 2404 in

344 2423 593 2474 fan-shaped
626 2422 851 2470 (star-like)
883 2426 1199 2472 arrangements
1230 2421 1277 2459 of
1303 2420 1452 2471 plates,
1486 2419 1564 2458 but
1592 2418 1807 2470 generally

344 2478 384 2515 in
411 2477 550 2521 white,
577 2476 758 2527 greyish,
786 2489 832 2514 or
856 2475 1072 2526 yellowish
1100 2487 1256 2513 masses
1285 2474 1359 2523 (K.
1389 2473 1432 2512 C.
1467 2472 1645 2524 Bailey).
1720 2471 1807 2510 The

346 2531 471 2569 latter
496 2530 633 2568 would
659 2530 709 2568 be
733 2529 853 2568 those
873 2528 975 2567 used
994 2528 1059 2567 for
1077 2527 1323 2579 eye-salves.

338 2621 425 2663 402
