1873 3020
257 713 535 775 PLINII
620 712 1143 775 NATURALIS
1228 711 1716 776 HISTORIAE

646 905 898 963 LIBER
959 906 1242 963 XXXIII

330 1047 367 1093 1.
409 1047 620 1093 Metalla
644 1065 774 1094 nunc
798 1052 1036 1110 ipsaeque
1057 1064 1176 1110 opes
1199 1055 1250 1093 et
1275 1064 1438 1093 rerum
1462 1050 1624 1110 pretia
1647 1047 1718 1093 di-

257 1121 447 1169 centur,
495 1115 725 1161 tellurem
773 1118 906 1161 intus
955 1118 1250 1177 exquirente
1297 1131 1414 1160 cura
1459 1114 1717 1176 multiplici

258 1181 418 1234 modo,
455 1185 639 1243 quippe
675 1182 791 1227 alibi
826 1182 1010 1227 divitiis
1045 1181 1268 1227 foditur1
1305 1188 1580 1243 quaerente
1616 1185 1719 1227 vita

254 1264 446 1302 aurum,
463 1256 746 1310 argentum,
765 1248 1022 1303 electrum,
1040 1265 1141 1303 aes,
1160 1248 1274 1293 alibi
1292 1248 1478 1294 deliciis
1494 1264 1718 1310 gemmas

257 1322 306 1359 et
333 1318 580 1375 parietum
605 1315 950 1377 lignorumque
967 1315 985 1344 ²
1008 1318 1285 1377 pigmenta,
1304 1315 1418 1360 alibi
1443 1317 1716 1360 temeritati

257 1380 456 1435 ferrum,
498 1398 616 1427 auro
658 1386 811 1427 etiam
851 1385 1040 1444 gratius
1082 1386 1213 1427 inter
1252 1381 1382 1427 bella
1421 1382 1716 1443 caedesque.

255 1452 595 1510 persequimur
644 1465 814 1494 omnes
866 1452 969 1494 eius
1021 1449 1167 1494 fibras
1217 1452 1523 1510 vivimusque
1571 1464 1719 1509 super

256 1522 566 1569 excavatam,
598 1518 836 1561 mirantes
867 1515 1123 1561 dehiscere
1154 1515 1420 1576 aliquando
1451 1521 1539 1560 aut
1568 1518 1717 1560 intre-

254 1597 473 1626 mescere
500 1582 651 1635 illam,
678 1598 767 1627 ceu
797 1598 912 1627 vero
939 1599 1036 1627 non
1063 1581 1154 1627 hoc
1181 1582 1523 1644 indignatione
1549 1597 1718 1627 sacrae

211 1653 233 1689 ‘2
257 1651 475 1708 parentis
508 1652 716 1710 exprimi
747 1652 916 1710 possit.
983 1652 1109 1694 imus
1140 1652 1190 1693 in
1220 1653 1406 1694 viscera
1438 1655 1490 1694 et
1519 1651 1569 1693 in
1599 1647 1718 1693 sede

253 1718 472 1759 manium
507 1731 625 1776 opes
662 1718 962 1777 quaerimus,
996 1722 1256 1777 tamquam
1290 1731 1466 1776 parum
1500 1714 1715 1776 benigna

253 1780 503 1842 fertilique
546 1798 643 1843 qua
690 1782 977 1837 calcatur33
1020 1789 1073 1827 et
1118 1785 1250 1827 inter
1295 1781 1419 1827 haec
1458 1784 1718 1827 minimum

257 1848 583 1893 remediorum
626 1852 789 1910 gratia
832 1855 1126 1903 scrutamur,
1169 1855 1323 1910 quoto
1366 1851 1497 1893 enim
1539 1851 1717 1909 cuique

253 1913 468 1959 fodiendi
516 1931 665 1959 causa
711 1915 957 1961 medicina
1003 1915 1113 1960 est?
1180 1931 1482 1977 quamquam
1529 1921 1581 1960 et
1626 1913 1717 1960 hoc

251 1997 441 2025 summa
468 1985 540 2026 sui
567 1988 710 2042 parte
735 1982 912 2027 tribuit
937 1988 993 2027 ut
1017 1981 1202 2044 fruges,
1226 1982 1363 2044 larga
1388 1980 1643 2043 facilisque
1667 1984 1716 2026 in

318 2078 330 2100 ¹
360 2083 453 2116 ante
503 2079 658 2129 quippe
703 2078 1029 2130 transferendum
1075 2084 1146 2118 aut
1195 2079 1348 2117 fodinis
1396 2079 1453 2118 vel
1496 2091 1519 2117 e
1564 2078 1716 2117 fodinis

261 2129 466 2178 leyemlam
487 2132 592 2170 coni.
617 2132 667 2169 M
669 2131 818 2182 ayhoss.

315 2184 329 2206 ²
360 2184 651 2234 lignorumque
711 2186 786 2233 (vel
845 2185 1162 2235 signorumque)
1220 2184 1435 2235 Mayhoff:
1504 2185 1715 2236 pictorum

259 2236 486 2286 Helles-sen:
548 2238 861 2288 digitorumque
908 2237 993 2276 cdd.
1046 2240 1238 2287 (recte?):
1301 2238 1459 2277 deliciis
1506 2238 1715 2289 parietum

259 2289 572 2339 digitorumque
599 2304 789 2341 gemmas
816 2295 859 2329 et
887 2292 1104 2342 pigmenta
1134 2292 1275 2342 Berqlc.

313 2342 328 2364 ³
371 2342 459 2382 l'.ll.
489 2350 696 2390 caecatur,
726 2350 907 2389 cecatur,
936 2350 1114 2383 secatur.

308 2477 324 2494 ⁰
355 2472 569 2515 Electram,
593 2473 786 2523 properly
807 2474 964 2518 amber,
988 2487 1071 2511 was
1093 2486 1117 2511 a
1138 2474 1253 2512 word
1273 2473 1441 2524 applied
1461 2478 1507 2512 to
1527 2486 1580 2511 an
1599 2473 1713 2524 alloy

252 2525 299 2562 of
314 2524 409 2574 gold
439 2526 521 2562 and
549 2526 685 2571 silver‚
715 2526 798 2564 and
825 2527 914 2564 also
940 2533 986 2565 to
1014 2528 1157 2565 native
1183 2528 1487 2578 argentiferous
1511 2526 1623 2577 gold,
1647 2526 1712 2565 be-

252 2592 373 2616 cause
394 2579 441 2616 of
457 2579 564 2617 their
585 2579 867 2618 resemblance
890 2581 932 2618 in
954 2579 1107 2619 colour.

236 2669 258 2699 2
