1899 3015
248 951 292 986 17

250 1482 295 1519 18

582 213 826 260 PLINY:
883 210 1210 257 NATURAL
1252 208 1545 256 HISTORY

325 345 465 405 primi
499 356 766 387 exercuere
798 339 1020 385 Aridices
1042 338 1059 366 ¹
1092 336 1375 383 Corinthius
1407 343 1460 382 et
1487 335 1798 398 Telephanes

325 411 597 472 Sicyonius,
629 411 734 454 sine
767 406 865 452 ullo
898 408 1173 451 etiamnum
1205 403 1255 449 hi
1286 403 1465 458 colore,
1498 406 1597 448 iam
1629 410 1798 448 tamen

324 482 616 539 spargentes
675 473 816 518 linias
874 475 1023 517 intus.
1092 471 1204 516 ideo
1264 477 1316 516 et
1374 485 1496 532 quos
1555 469 1800 531 pinxere2

326 543 604 589 adscribere
638 543 939 586 institutum.
1009 541 1193 600 primus
1230 537 1439 582 inlevit3
1477 552 1560 582 eas
1596 535 1758 582 colore
1780 535 1799 564 4

326 616 507 663 testae,
554 614 610 653 ut
656 607 842 659 ferunt,
889 605 1079 651 tritae5
1124 603 1450 666 Ecphantus⁶
1497 602 1795 649 Corinthius.

325 676 454 722 hunc
501 675 679 721 eodem
725 675 923 719 nominc
972 670 1162 716 alium7
1211 669 1362 716 fuisse
1410 686 1559 732 quarn
1583 669 1602 699 ⁸
1648 669 1803 715 tradit

327 741 581 789 Cornelius
629 740 794 801 Nepos
841 745 1068 784 secutum
1113 740 1162 782 in
1210 737 1407 782 Italiam
1453 736 1802 790 Damaratum,

325 810 578 870 Tarquinii
615 805 765 852 Prisci
799 809 929 868 regis
965 805 1172 851 Romani
1210 811 1423 866 patrem,
1458 802 1739 866 fugientem
1774 819 1803 848 a

326 874 564 923 Corintho
597 876 798 936 tyranni
832 875 1032 918 iniurias
1067 870 1283 934 Cypseli,
1317 887 1433 916 mox
1467 869 1770 916 docebimus.

390 942 475 987 VI.
515 942 621 987 Iam
675 943 806 986 enim
860 938 1088 985 absoluta
1140 944 1248 983 erat
1300 939 1495 999 pictura
1547 939 1700 982 etiam
1751 938 1800 981 in

332 1008 488 1054 [talia.
560 1013 761 1053 exstant
818 1012 954 1051 certe
1011 1004 1260 1065 hodieque
1317 1005 1620 1065 antiquiores
1678 1003 1801 1048 urbe

327 1079 549 1137 picturae
587 1074 785 1119 Ardeae
822 1076 871 1117 in
908 1071 1114 1117 aedibus
1151 1073 1315 1125 sacris,
1353 1071 1531 1132 quibus
1569 1069 1802 1131 equidem

327 1142 483 1187 nullas
542 1156 701 1201 aeque
759 1142 922 1193 miror,
980 1145 1084 1183 tam
1141 1137 1288 1199 longo
1345 1153 1467 1182 aevo
1523 1135 1803 1182 durantes⁹

328 1212 375 1253 in
409 1209 625 1253 orbitate
659 1209 781 1252 tecti
814 1205 968 1251 veluti
1002 1203 1269 1250 recentes.⁹
1338 1203 1563 1249 similiter
1595 1203 1803 1257 Lanuvi,

330 1276 410 1320 ubi
471 1274 711 1319 Atalante
771 1279 822 1318 et
882 1272 1077 1317 Helena
1134 1273 1407 1317 comminus
1465 1272 1629 1332 pictae
1687 1277 1804 1316 sunt

329 1341 492 1387 nudae
540 1342 602 1385 ab
650 1340 826 1385 eodem
874 1338 1080 1392 artifice,
1127 1345 1340 1399 utraque
1387 1336 1804 1382 excellentissima

329 1408 503 1461 forma,
533 1407 619 1452 sed
651 1407 808 1452 altera
839 1413 894 1451 ut
924 1408 1077 1468 virgo,
1107 1421 1170 1450 ne
1199 1407 1350 1449 ruinis
1388 1403 1591 1465 quidem
1628 1403 1802 1465 templi

329 1490 611 1520 concussae.
682 1473 834 1519 Gaius
874 1475 1101 1534 princeps
1142 1471 1317 1516 tollere
1358 1486 1441 1515 eas
1480 1476 1687 1516 conatus
1728 1477 1805 1516 est

329 1542 529 1587 libidine
588 1556 838 1593 accensus,
896 1542 932 1584 si
991 1540 1186 1584 tectorii
1245 1544 1425 1582 natura
1480 1539 1800 1598 permisisset.

328 1609 509 1655 durant
546 1614 598 1653 et
634 1606 791 1652 Caere
827 1608 1130 1667 antiquiores
1174 1610 1227 1650 et
1267 1607 1421 1665 ipsae,
1462 1602 1804 1665 fatebiturque

329 1677 550 1736 quisquis
591 1690 673 1719 eas
713 1673 980 1735 diligenter
1020 1673 1359 1717 aestimaverit
1398 1670 1583 1716 nullam
1622 1672 1803 1715 artium

327 1741 533 1787 celerius
568 1746 980 1793 consummatam,
1016 1755 1128 1785 cum
1166 1738 1325 1784 Iliacis
1360 1737 1669 1799 temporibus
1704 1753 1801 1783 non

328 1808 476 1854 fuisse
509 1824 619 1852 eam
650 1813 904 1868 appareat.

393 1954 406 1977 ¹
436 1954 623 1994 Aridices
647 1954 781 2004 Silliq,
808 1953 931 1992 Keil:
974 1952 1162 1991 aradices
1186 1952 1249 1991 B:
1292 1951 1453 1991 ardices
1475 1951 1559 1990 rell.

390 2009 405 2032 ²
435 2009 608 2060 pinxere
638 2007 832 2057 Mayhoff
845 2022 853 2045 :
900 2006 1122 2057 pingerent
1149 2005 1234 2045 edd.
1266 2011 1383 2044 vem:
1430 2004 1611 2056 pingere.

389 2063 404 2083 ³
434 2062 584 2100 inlevit
615 2060 804 2100 Urlichs:
848 2060 1025 2098 invenit.

390 2116 404 2138 ⁴
434 2115 571 2154 colore
599 2115 661 2153 B:
703 2114 862 2152 colores
889 2114 1001 2152 rell.:
1043 2111 1230 2151 colorare
1257 2111 1404 2150 Galen:
1447 2110 1634 2150 colorare
1661 2110 1800 2150 colore

338 2169 428 2206 Ιαη.

397 2222 411 2243 ⁵
441 2221 567 2259 tritae
594 2220 742 2270 Silliq:
787 2219 910 2270 triste
936 2218 1020 2258 B¹=
1066 2218 1187 2257 triste
1214 2218 1295 2257 132:
1340 2218 1402 2256 ita
1427 2223 1499 2256 aut
1523 2217 1558 2255 it
1584 2217 1667 2256 rell.

392 2276 406 2298 ⁶
440 2274 687 2325 Erphantus
707 2273 841 2323 Silliq,
863 2272 909 2311 0.
930 2272 1046 2311 Jahn
1065 2287 1073 2311 :
1111 2271 1324 2323 ephantus
1344 2271 1380 2309 B
1398 2286 1406 2310 ε
1444 2270 1696 2322 elephantus
1715 2271 1798 2310 rell.

394 2330 407 2352 ⁷
438 2328 619 2366 eundem
642 2327 813 2365 nomine
836 2326 921 2365 alio
944 2325 1119 2364 Schultz.

392 2383 407 2405 ⁸
450 2381 521 2419 VJ.
551 2393 703 2431 quem:
750 2392 878 2430 quam
905 2391 1031 2429 quem
1057 2378 1193 2429 Silli9‚
1220 2377 1315 2416 Ian.

389 2436 404 2458 ⁹
444 2435 516 2473 VJ.
580 2434 774 2473 durantis
797 2463 805 2472 .
830 2463 839 2472 .
864 2462 873 2472 .
895 2432 1100 2472 recentis:
1181 2430 1435 2470 durantibus
1458 2460 1467 2470 .
1492 2460 1502 2470 .
1526 2460 1536 2470 .
1557 2429 1797 2469 recentibus

334 2489 436 2527 coni.
468 2487 602 2537 Silliq.

329 2639 413 2692 272
