1899 3015
569 206 801 252 PLINY:
856 205 1184 252 NATURAL
1230 204 1524 250 HISTORY

313 334 438 380 adeo
483 338 579 379 iani
626 334 841 380 colorum
889 350 1004 379 usus
1050 333 1388 378 increbruerat
1434 332 1658 394 adeoque
1704 349 1780 379 ars

315 414 537 476 perfecta
562 422 686 469 erat,
714 421 767 460 ut
790 417 840 459 in
865 429 923 460 eo
947 413 1132 475 proelio
1157 415 1366 458 iconicos
1391 412 1540 457 duces
1566 415 1780 474 pinxisse

313 495 556 549 tradatur,
612 494 995 540 Atheniensium
1053 492 1354 546 Miltiadem,
1410 491 1781 548 Callimachum,

313 574 663 637 Cynaegirum,
742 575 1063 619 barbarorum
1144 573 1333 626 Datim,
1414 571 1779 634 Artaphernem.

229 666 280 699 523
313 655 515 700 XXXV.
553 654 685 713 Quin
763 657 913 699 immo
991 660 1245 699 certamen
1325 655 1478 698 etiarn
1559 655 1781 714 picturae

313 734 520 780 florente
578 751 635 780 eo
691 738 977 780 institutum
1035 740 1111 779 est
1166 731 1388 778 Corinthi
1446 748 1501 777 ac
1558 732 1782 794 Delphis,

314 818 597 877 primusque
645 818 866 860 omnium
913 816 1124 860 certavit
1170 829 1281 858 curn
1329 812 1593 875 Timagora
1641 812 1781 858 Chal-

313 895 528 949 cidense,
575 902 836 956 superatus
884 895 946 939 ab
994 910 1052 939 eo
1101 891 1308 956 Pythiis,
1355 892 1487 954 quod
1535 899 1587 938 et
1633 896 1782 955 ipsius

312 975 605 1038 Timagorae
654 978 871 1020 carmine
922 980 1119 1020 vetusto
1169 979 1394 1035 apparet,
1443 972 1781 1019 chronicorum

313 1071 474 1101 errore
515 1072 611 1101 non
652 1055 816 1101 dubio.

376 1136 473 1181 Alii
504 1152 701 1198 quoque
733 1142 844 1198 post
873 1135 960 1181 hos
990 1134 1105 1180 clari
1135 1133 1274 1180 fuere
1304 1140 1422 1179 ante
1452 1148 1602 1179 Lxxxx
1631 1133 1784 1197 olym-

313 1217 528 1278 piadem,
594 1219 720 1262 sicut
788 1214 1092 1278 Polygnotus
1158 1213 1382 1268 Thasius,
1449 1216 1532 1275 qui
1599 1217 1783 1275 primus

314 1296 542 1342 mulieres
604 1295 883 1342 tralucida¹
946 1302 1085 1341 veste
1147 1297 1324 1356 pinxit,
1387 1297 1551 1355 capita
1613 1310 1782 1340 earum

314 1379 469 1422 mitris
511 1376 878 1422 versicoloribus
919 1378 1115 1437 operuit
1153 1374 1520 1436 plurimumque
1560 1377 1783 1436 picturae

314 1460 497 1519 primus
550 1457 778 1510 contulit,
831 1456 1076 1518 siquidem
1130 1458 1347 1500 instituit
1399 1471 1451 1500 os
1506 1454 1780 1516 adaperire,

313 1537 489 1582 dentes
521 1537 803 1591 ostendere,
835 1536 1023 1582 voltum
1055 1537 1117 1581 ab
1149 1538 1354 1596 antiquo
1386 1537 1545 1597 rigore
1578 1537 1779 1581 variare.

230 1626 279 1661 59
313 1616 455 1662 huius
510 1625 585 1662 est
638 1616 809 1662 tabula
862 1619 909 1661 in
963 1619 1155 1678 porticu
1209 1613 1430 1676 Pompei,
1484 1631 1612 1676 quae
1665 1622 1782 1661 ante

313 1700 496 1742 curiam
539 1701 641 1743 eius
682 1696 863 1751 fuerat,
903 1699 952 1741 in
993 1713 1091 1758 qua
1130 1696 1390 1741 dubitatur
1428 1695 1782 1740 ascendentem

313 1794 423 1823 cum
453 1777 627 1839 clupeo
656 1780 873 1839 pinxerit
902 1793 963 1822 an
993 1776 1398 1822 descendentem.
1467 1774 1544 1821 hic
1574 1775 1781 1837 Delphis

313 1857 489 1903 aedem
516 1861 694 1919 pinxit,
721 1856 798 1903 hic
827 1864 878 1902 et
905 1856 1116 1902 Athenis
1144 1859 1404 1918 porticum,
1433 1871 1560 1917 quae
1589 1853 1782 1902 Poecile

315 1945 532 1992 vocatur,
565 1940 802 2000 gratuito,
836 1953 947 1982 curn
982 1943 1175 1998 partem
1211 1939 1314 1981 eius
1351 1935 1518 1981 Micon
1552 1936 1781 1981 mercede

314 2021 557 2080 pingeret.
628 2017 703 2063 vel
736 2020 890 2063 maior
923 2016 1035 2062 huic
1069 2019 1353 2070 auctoritas,
1386 2015 1629 2077 siquidem
1663 2016 1781 2061 Am-

313 2097 621 2161 phictyones,
659 2097 791 2160 quod
828 2104 904 2143 est
940 2097 1191 2158 publicum
1229 2096 1468 2141 Graeciae
1504 2095 1780 2150 concilium,

757 2211 771 2234 1
802 2210 1010 2249 tralucida
1035 2210 1097 2249 B:
1140 2209 1281 2248 lucida
1305 2209 1387 2248 rell.

367 2326 383 2343 ‘²
413 2320 499 2358 Not
531 2319 615 2357 real
644 2320 847 2370 portraits
877 2319 913 2357 if
937 2319 1010 2357 the
1039 2316 1138 2357 στοὰ
1167 2331 1252 2357 was
1288 2317 1395 2356 built
1425 2321 1472 2356 at
1501 2317 1609 2356 least
1643 2317 1782 2367 thirty

312 2386 433 2424 years
453 2373 564 2411 aster
585 2374 664 2411 490
689 2385 769 2411 B.(·.

369 2428 383 2450 ²¹
413 2427 500 2464 The
523 2425 678 2477 Λέσχη,
703 2440 727 2464 a
751 2425 929 2465 covered
952 2424 1199 2464 colonnade.

368 2485 382 2504 ⁶
412 2480 690 2531 Polygnotus'
715 2479 1006 2518 contribution
1029 2491 1114 2517 was
1137 2491 1162 2516 a
1187 2478 1195 2493 ‘
1216 2477 1324 2516 Sack
1348 2477 1396 2516 of
1414 2477 1557 2528 Troy‚'
1604 2477 1779 2516 Micon’s

310 2547 335 2572 a
358 2533 367 2549 ‘
389 2533 532 2572 Battle
555 2533 602 2572 of
621 2533 692 2571 the
717 2534 929 2571 Amazons
949 2532 957 2547 ’
982 2532 1166 2583 (against
1189 2531 1405 2580 Theseus).
1464 2530 1539 2569 See
1561 2530 1650 2569 also
1671 2530 1690 2580 §
1712 2532 1776 2570 57.

310 2617 397 2662 304
