1899 3015
225 467 295 504 121

231 1643 304 1681 123

581 183 825 231 PLINY:
882 182 1212 231 NATURAL
1253 179 1549 230 HISTORY

336 314 540 359 Virtutis
612 313 761 358 aedes
834 313 1129 374 Imperatori
1200 312 1503 373 Vespasiano
1573 311 1804 373 Augusto

334 389 618 432 restituenti
661 389 948 448 pinxerunt,
993 384 1184 431 Priscus
1228 387 1443 447 antiquis
1486 383 1700 430 similior.

394 460 682 505 XXXVIII.
722 459 832 505 Non
875 466 951 505 est
993 458 1273 505 omittenda
1314 461 1363 503 in
1404 460 1628 520 picturae
1668 472 1805 502 men-

335 537 470 579 tione
517 533 723 579 celebris
769 536 896 578 circa
943 532 1190 594 Lepidum
1236 531 1421 586 fabula,
1467 530 1711 592 siquidem
1756 532 1806 574 in

334 610 649 653 triumviratu
688 607 904 668 quodam
943 606 1047 651 loco
1085 605 1330 652 deductus
1368 621 1397 650 a
1433 603 1806 666 magistratibus

336 684 383 725 in
419 696 734 726 nemorosum
768 679 1039 742 hospitium
1075 681 1335 724 minaciter
1369 694 1482 724 cum
1517 680 1573 723 iis
1608 683 1807 739 postero

335 754 414 799 die
455 753 790 815 expostulavit
829 770 1056 799 somnum
1095 752 1389 814 ademptum
1427 752 1518 797 sibi
1556 750 1807 796 volucrum

335 834 607 881 concentu3
655 834 709 872 at
737 826 804 871 illi
833 827 1098 873 draconem
1129 829 1179 871 in
1207 826 1491 887 longissima
1519 824 1809 870 membrana

335 901 591 962 depictum
642 901 1013 946 circumdedere
1064 899 1190 953 luco,
1243 914 1403 961 eoque
1453 905 1642 944 terrore
1694 913 1808 943 aves

336 982 454 1020 tunc
490 974 679 1019 siluisse
714 981 943 1019 narratur
978 980 1031 1019 et
1064 979 1242 1035 postea
1274 988 1418 1034 posse
1453 973 1713 1033 compesci.

399 1048 633 1093 XXXIX.
672 1047 807 1093 Ceris
844 1050 1051 1110 pingere
1089 1063 1145 1092 ac
1180 1048 1426 1108 picturam
1468 1048 1664 1090 inurere
1701 1048 1809 1106 quis

336 1125 521 1184 primus
547 1124 924 1183 excogitaverit,
949 1137 1047 1166 non
1072 1127 1283 1166 constat.
1353 1119 1555 1181 quidam
1580 1118 1810 1164 Aristidis

337 1198 595 1240 inventum
623 1201 822 1256 putant,
848 1201 1025 1257 postea
1051 1200 1450 1239 consummatum
1477 1209 1505 1238 a
1533 1190 1810 1246 Praxitele;

337 1269 423 1314 sed
476 1268 731 1330 aliquanto
782 1271 1080 1314 vetustiores
1133 1273 1401 1313 encaustae
1452 1268 1677 1328 picturae
1728 1281 1812 1311 ex-

338 1345 530 1395 stitere,
575 1349 630 1387 ut
673 1341 937 1405 Polygnoti
989 1347 1041 1386 et
1084 1341 1357 1394 Nicanoris,
1404 1338 1669 1384 Mnesilai1
1720 1337 1810 1385 Pa-

338 1418 534 1461 riorum.
604 1415 866 1477 Elasippus
888 1415 906 1443 2
941 1430 1139 1477 quoque
1174 1415 1401 1476 Aeginae
1435 1415 1659 1475 picturae
1693 1428 1812 1460 suae

338 1492 583 1550 inscripsit
626 1483 844 1544 ἐνέκαεν,
890 1488 1023 1551 quod
1067 1486 1291 1550 profecto
1336 1503 1432 1533 non
1478 1485 1678 1532 fecisset
1720 1488 1810 1532 nisi

338 1565 620 1608 encaustica
652 1566 869 1608 inventa.

401 1636 506 1681 XL.
546 1635 832 1698 Pamphilus
869 1651 1086 1698 quoque,
1128 1634 1317 1697 Apellis
1360 1640 1672 1696 praeceptor,
1715 1649 1811 1680 non

339 1712 555 1770 pinxisse
632 1710 790 1755 solum
868 1716 1122 1763 encausta,
1196 1708 1283 1754 sed
1357 1710 1510 1753 etiam
1587 1706 1812 1753 docuisse

338 1784 553 1828 traditur
588 1782 800 1829 Pausian
835 1782 1136 1845 Sicyonium,
1171 1785 1383 1843 primum
1419 1784 1468 1826 in
1503 1780 1594 1826 hoc
1627 1796 1812 1843 genere

340 1857 570 1902 nobilem.
639 1857 835 1920 Bryetis
876 1857 1002 1902 filius
1042 1856 1119 1901 hic
1159 1855 1253 1901 fuit
1294 1854 1617 1916 eiusdemque
1655 1857 1813 1916 primo

339 1930 619 1992 discipulus.
689 1933 851 1992 pinxit
876 1936 928 1975 et
951 1933 1056 1992 ipse
1080 1928 1308 1991 penicillo
1332 1930 1548 1990 parietes
1572 1927 1812 1989 Thespiis,

340 2020 451 2049 cum
519 2004 843 2050 reficerentur
912 2003 1163 2065 quondam
1232 2019 1261 2047 a
1330 2000 1609 2064 Polygnoto
1677 2004 1813 2063 picti,

405 2131 418 2153 ¹
449 2131 641 2170 Mnesilai
665 2131 882 2182 Mayhoff:
925 2143 1043 2169 mens
1066 2131 1123 2168 im
1146 2130 1209 2169 B:
1249 2142 1299 2168 ae
1320 2135 1391 2167 αιιι
1413 2142 1434 2167 e
1458 2127 1675 2167 inanesilai
1699 2128 1784 2167 rell.

345 2197 393 2223 ac
419 2185 614 2223 Mnasilai
641 2185 873 2236 Detlefsen:
919 2189 963 2223 et
989 2183 1218 2223 Archesilai
1245 2183 1492 2222 Hermolaus
1518 2182 1726 2221 Barbarus
1753 2185 1813 2231 (et

348 2238 536 2276 arcesilai
562 2239 620 2277 cd.
648 2239 746 2277 Par.
774 2240 875 2277 6801
904 2244 948 2277 ut
975 2238 1162 2286 videtur).

401 2292 416 2314 ²
446 2292 674 2343 Elasippus
711 2291 1021 2331 Schneidewin:
1077 2291 1290 2342 eiasippus
1328 2290 1391 2328 B:
1449 2288 1658 2340 lassippus
1695 2288 1810 2328 rell.:

348 2344 556 2396 Lysippus
579 2345 665 2384 edd.
693 2351 784 2385 vett.

507 2459 525 2477 ⁰
554 2454 673 2493 With
694 2454 904 2493 Octavian
924 2452 1009 2492 and
1029 2453 1220 2503 Antony,
1242 2450 1407 2490 formed
1427 2451 1469 2489 in
1491 2452 1541 2489 43
1565 2461 1645 2488 B.c.

511 2506 525 2529 ¹²
555 2507 819 2559 Apparently
842 2507 914 2546 the
936 2506 1071 2552 elder;
1111 2506 1162 2544 cf.
1187 2505 1208 2555 ξ
1230 2507 1292 2544 75.

339 2584 428 2629 350
