1899 3015
569 204 804 251 PLINY:
858 205 1187 251 NATURAL
1235 205 1529 252 HISTORY

317 333 512 379 ostendi
545 336 789 395 picturam
822 340 974 395 atque
1007 333 1261 379 intellecto
1295 349 1457 379 errore
1489 333 1785 380 concederet

316 406 531 468 palmam
587 410 803 468 ingenuo
858 406 1064 468 pudore,
1119 409 1351 468 quoniam
1406 409 1511 467 ipse
1566 406 1785 453 volucres

233 489 284 526 66
316 479 591 534 fefellisset,
641 478 925 526 Parrhasius
981 487 1150 525 autem
1199 496 1250 525 se
1305 480 1560 526 artificem.
1629 479 1787 526 fertur

318 560 369 599 et
396 560 571 615 postea
598 553 775 599 Zeuxis
803 556 1019 615 pinxisse
1048 569 1254 615 puerum
1285 569 1402 599 uvas
1431 552 1695 608 ferentem,
1723 554 1785 600 ad

317 643 438 689 quas
493 643 605 672 cum
661 626 975 672 advolassent
1031 626 1183 680 aves,1
1240 627 1416 672 eaden,
1471 629 1785 689 ingenuitate

317 703 553 762 processit
594 696 747 746 iratus
789 703 925 762 operi
963 707 1015 746 et
1058 700 1210 746 dixit:
1254 709 1404 746 ‘uvas
1440 700 1614 746 melius
1650 704 1784 763 pinxi

317 791 466 835 quam
501 790 728 835 puerum,
763 791 878 819 nam
914 776 952 820 si
989 780 1040 819 et
1074 773 1166 820 hoc
1201 790 1636 829 consummassem,
1672 790 1785 821 aves

317 851 493 893 timere
523 847 836 893 debuerant.'
902 846 1021 893 fecit
1054 854 1106 893 et
1135 847 1302 910 figlina
1331 863 1498 909 opera,
1528 863 1656 909 quae
1685 848 1787 893 sola

317 924 365 966 in
401 921 666 966 Ambracia
702 921 873 966 relicta
909 928 1041 976 sunt,
1077 937 1189 966 cum
1225 921 1340 966 inde
1380 919 1551 966 Musas
1589 920 1786 967 Fulvius

318 994 537 1040 Nobilior
558 994 766 1040 Romam
792 994 1100 1040 transferret.
1170 994 1400 1040 Zeuxidis
1420 1010 1569 1040 manu
1599 994 1786 1040 Romae

318 1067 512 1113 Helena
547 1075 624 1113 est
657 1071 708 1113 in
744 1066 955 1129 Philippi
991 1068 1277 1129 porticibus,
1314 1074 1366 1113 et
1399 1070 1449 1112 in
1484 1067 1786 1114 Concordiae

316 1141 521 1187 delubro
557 1140 783 1204 Marsyas
815 1142 1067 1204 religatus.

233 1222 282 1261 67
380 1213 665 1261 Parrhasius
707 1215 891 1276 Ephesi
933 1222 1079 1261 natus
1122 1222 1174 1260 et
1214 1217 1319 1277 ipse
1361 1214 1518 1260 multa
1559 1214 1784 1261 contulit.

317 1291 501 1350 primus
536 1291 860 1351 symmetrian
896 1291 1119 1350 picturae
1154 1288 1311 1342 dedit,
1347 1291 1532 1350 primus
1567 1290 1786 1350 argutias

318 1361 495 1416 voltus,
542 1362 844 1424 elegantiam
891 1362 1069 1423 capilli,
1116 1361 1472 1407 venustatem2
1517 1364 1629 1416 oris,
1675 1378 1787 1407 con-

317 1435 529 1481 fessione
556 1436 799 1481 artificum
825 1438 875 1480 in
901 1435 1025 1481 liniis
1054 1438 1288 1481 extremis
1315 1435 1531 1497 palmam
1557 1435 1783 1497 adeptus.

318 1509 439 1554 haec
474 1516 550 1555 est
583 1512 806 1571 picturae
840 1526 1033 1555 summa
1066 1508 1352 1555 subtilitas.3
1419 1525 1622 1570 corpora
1655 1511 1786 1554 enirn

318 1586 522 1645 pingere
561 1590 612 1628 et
648 1583 813 1629 media
850 1599 1014 1628 rerum
1053 1590 1129 1628 est
1166 1583 1367 1644 quidem
1404 1585 1571 1644 magni
1609 1585 1786 1644 operis,

318 1656 405 1702 sed
448 1659 497 1701 in
542 1673 639 1718 quo
682 1657 825 1702 multi
870 1656 1075 1718 gloriam
1120 1656 1354 1710 tulerint3
1417 1663 1643 1701 extrema
1685 1672 1787 1702 cor—

318 1746 492 1791 porum
514 1729 677 1775 facere
700 1737 751 1775 et
773 1731 1044 1775 desinentis
1067 1732 1290 1792 picturae
1311 1729 1514 1775 modurn
1535 1729 1786 1775 includere

235 1812 285 1848 68
317 1820 480 1848 rarum
514 1806 563 1848 in
598 1820 824 1849 successu
861 1806 978 1849 artis
1014 1806 1275 1849 invenitur.
1345 1803 1533 1848 ambire
1568 1805 1700 1848 enim
1734 1819 1785 1848 se

318 1879 422 1937 ipsa
456 1877 609 1922 debet
645 1880 935 1923 extremitas
971 1883 1023 1922 et
1057 1879 1123 1922 sic
1157 1877 1401 1930 desinere,
1436 1883 1492 1922 ut
1525 1878 1786 1938 promittat

319 1950 410 1994 alia
446 1957 497 1995 et
520 1950 538 1978 4
573 1957 685 2012 post
718 1967 769 1996 se
792 1951 810 1979 5
843 1950 1177 2012 ostendatque
1212 1953 1364 1996 etiam
1395 1965 1523 2011 quae
1552 1949 1782 1995 occultat.

320 2023 442 2069 hanc
468 2026 511 2069 ei
537 2024 743 2086 gloriam
768 2040 1053 2069 concessere
1079 2025 1360 2086 Antigonus
1387 2030 1438 2068 et
1462 2022 1786 2077 Xenocrates,

384 2150 396 2172 ¹
436 2150 509 2189 VJ.
525 2150 776 2189 advolarent
791 2164 891 2189 aves
907 2157 978 2189 αιιι
994 2150 1236 2189 advolasset
1252 2150 1343 2189 avis
1357 2156 1428 2189 aut
1444 2149 1666 2188 advolaret
1680 2149 1784 2188 avis.

381 2204 396 2226 ²
432 2204 507 2242 VJ.
532 2209 808 2242 vetustatem.

380 2257 395 2279 ³
425 2258 642 2308 suptilitas
661 2258 722 2296 B:
759 2257 1002 2296 sublimitas
1023 2257 1106 2296 rell.

380 2311 394 2333 ⁴
422 2310 503 2348 alia
525 2317 567 2349 et
590 2311 784 2361 Mayshoff
798 2327 805 2349 :
845 2310 952 2349 aliae
972 2311 1031 2349 cd.
1054 2309 1167 2349 Leid.
1200 2311 1312 2349 Voss.
1329 2311 1410 2349 m.l
1433 2325 1441 2349 z
1480 2309 1563 2348 alia
1583 2309 1666 2349 rell.

382 2364 396 2386 ⁵
426 2377 546 2415 posse
568 2364 653 2402 edd.
679 2370 792 2403 vest:
834 2377 942 2415 pone
964 2377 1006 2402 se
1028 2365 1133 2403 coni.
1154 2364 1237 2402 Ian
1257 2379 1264 2402 :
1304 2363 1408 2402 alias
1429 2367 1526 2415 post
1548 2375 1590 2402 se
1612 2363 1783 2402 Traube.

370 2499 388 2517 ⁰
417 2493 504 2532 The
525 2494 688 2544 picture
711 2494 719 2508 ‘
738 2493 896 2532 Helen'
921 2493 1165 2531 mentioned
1187 2495 1281 2539 (not
1300 2492 1473 2538 named)
1490 2492 1532 2531 in
1548 2492 1568 2542 ξ
1584 2493 1648 2531 64.
1698 2491 1785 2531 The

316 2547 525 2598 porticoes
545 2560 651 2586 were
672 2547 781 2585 built
803 2547 859 2598 by
880 2546 926 2585 L.
948 2546 1130 2585 Marcius
1151 2546 1371 2596 Philippus
1390 2547 1434 2585 in
1453 2545 1504 2584 29
1526 2555 1606 2584 Rc.

313 2637 399 2681 310
