1899 3015
220 512 294 550 135

221 1170 294 1210 136

220 1830 291 1868 137

584 231 824 277 PLINY:
881 230 1207 277 NATURAL
1250 229 1542 277 HISTORY

329 363 586 421 exspuitur
627 363 751 405 aeris
794 359 936 421 palea
981 359 1241 421 quaedam.
1310 359 1484 413 solum,
1527 375 1625 421 quo
1667 361 1793 405 exci-

327 436 508 494 piatur,
532 439 744 478 stratum
771 448 877 478 esse
902 432 1056 478 debet
1081 431 1307 477 man-illa}

390 505 647 552 XXXVII.
684 506 764 551 Ab
786 522 845 551 ea
865 505 1158 551 discernitur
1179 521 1328 567 quam
1349 508 1398 550 in
1418 505 1575 551 isdem
1595 505 1793 551 officinis

328 578 622 641 diphrygem
653 586 831 625 vocant
861 578 1037 624 Graeci
1068 579 1130 623 ab
1161 594 1237 633 eo,
1267 578 1399 640 quod
1427 578 1500 623 bis
1532 584 1794 624 torreatur.

328 655 463 697 cuius
507 655 643 714 origo
686 651 881 714 triplex.
952 651 1054 697 fieri
1100 654 1231 697 enim
1272 651 1486 697 traditur
1530 667 1591 697 ex
1631 650 1796 713 lapide

328 728 491 788 pyrite
542 732 762 771 cremato
813 728 862 771 in
912 728 1133 780 caminis,
1184 724 1341 770 donec
1393 731 1698 786 excoquatur
1747 727 1794 770 in

329 799 588 844 rubricam.
659 798 715 845 fit
747 806 799 844 et
829 801 879 843 in
910 797 1073 861 Cypro
1106 814 1167 843 ex
1199 797 1304 843 luto
1335 797 1591 843 cuiusdam
1622 814 1794 859 specus

329 871 549 917 arefacto
570 871 588 899 2
605 875 756 933 prius,
773 889 888 917 mox
905 871 1148 933 paulatim
1165 870 1478 917 circumdatis
1496 870 1795 916 sarmentis.³

328 948 479 990 tertio
510 945 566 990 fit
595 945 741 991 modo
778 948 828 990 in
857 944 1135 990 fornacibus
1166 947 1291 990 aeris
1321 943 1461 990 faece
1490 944 1792 990 subsidente.

327 1017 606 1064 differentia
643 1025 736 1073 est,
773 1018 944 1080 quod4
980 1034 1062 1063 aes
1099 1021 1259 1079 ipsum
1296 1020 1344 1062 in
1379 1020 1568 1064 catinos
1605 1017 1795 1073 defluit,

329 1095 483 1137 scoria
537 1099 679 1137 extra
732 1091 973 1146 fornaces,
1026 1091 1112 1137 flos
1166 1098 1476 1153 supernatat,
1528 1090 1795 1153 diphryges

327 1172 605 1210 remanent.
676 1165 878 1227 quidam
931 1164 1139 1210 tradunt
1191 1167 1240 1209 in
1293 1163 1571 1210 fornacibus
1624 1163 1794 1227 globos

326 1237 518 1299 lapidis,
568 1240 651 1300 qui
700 1245 958 1300 coquatur,
1007 1237 1311 1292 feruminari,
1360 1240 1487 1283 circa
1534 1236 1664 1283 hunc
1712 1253 1795 1283 aes

326 1310 535 1366 fervere,
575 1314 736 1373 ipsum
775 1328 890 1357 vero
929 1328 1026 1356 non
1066 1314 1297 1373 percoqui
1339 1314 1429 1356 nisi
1469 1309 1707 1356 tralatum
1746 1313 1794 1356 in

326 1384 445 1430 alias
479 1383 719 1439 fornaces,
755 1392 808 1430 et
842 1401 948 1430 esse
984 1384 1167 1430 nodum
1191 1383 1210 1413 5
1245 1384 1494 1446 quendam
1528 1387 1795 1437 materiae3

326 1458 392 1512 id,
430 1458 561 1520 quod
599 1474 660 1503 ex
696 1464 836 1503 cocto
875 1461 1104 1519 supersit,
1141 1457 1385 1520 diphryga
1428 1460 1601 1503 vocari.
1669 1460 1795 1503 ratio

329 1534 431 1576 eius
490 1534 539 1576 in
597 1531 843 1577 medicina
901 1530 1068 1577 similis
1127 1530 1423 1592 praedictis:
1499 1533 1683 1576 siccare
1743 1538 1794 1576 et

328 1607 666 1650 excrescentia
730 1620 1020 1650 consumere
1084 1620 1141 1650 ac
1204 1620 1489 1666 repurgare.
1557 1604 1795 1665 probatur

327 1677 511 1739 lingua,
540 1685 597 1723 ut
625 1694 737 1723 eam
765 1681 916 1723 siccet
943 1684 1083 1723 tactu
1112 1680 1284 1723 statim
1313 1692 1641 1740 saporemque
1669 1680 1794 1723 aeris

324 1751 516 1796 reddat.

390 1823 675 1870 XXXVIII.
713 1823 883 1869 Unum
914 1827 1189 1869 etiamnum
1219 1827 1344 1868 aeris
1376 1823 1666 1869 miraculum
1698 1840 1794 1869 non

327 1900 630 1943 omittemus.
699 1896 901 1942 Servilia
931 1896 1117 1942 familia
1148 1896 1363 1942 inlustris
1395 1899 1444 1942 in
1473 1896 1613 1942 fastis
1645 1899 1794 1942 trien-

327 1977 431 2016 tem
483 1986 684 2016 aereum
739 1973 897 2031 pascit
954 1986 1090 2025 auro,
1143 1976 1368 2032 argento,
1420 1977 1794 2015 consumentem

327 2050 607 2105 utrumque.
668 2047 805 2105 origo
831 2051 984 2106 atque
1015 2050 1193 2089 natura
1215 2046 1317 2088 eius
1342 2045 1650 2105 incomperta
1674 2042 1791 2088 mihi

389 2170 403 2193 ¹
434 2170 599 2208 marilla
641 2170 724 2208 Ian
768 2171 883 2220 (olim
927 2170 1120 2218 marila):
1184 2170 1322 2208 marili
1363 2170 1426 2209 B:
1489 2170 1635 2209 maxili
1677 2171 1791 2209 rell.:

331 2223 505 2262 maxilla
523 2223 608 2262 edd.
628 2229 721 2262 vett.
739 2239 747 2262 :
784 2223 924 2262 debet.
984 2223 1123 2262 Facile
1142 2224 1388 2263 Hermolaus
1406 2223 1628 2263 Barbarus.

387 2278 401 2300 ²
430 2276 570 2325 <sole>
597 2277 654 2315 vel
676 2279 824 2326 <aere>
848 2277 1035 2316 arefacto
1060 2278 1165 2316 coni.
1188 2277 1243 2316 K.
1266 2277 1311 2316 Ο.
1334 2277 1492 2327 Bailey.

384 2331 399 2352 ³
430 2330 653 2368 sarmentis
673 2331 911 2380 (accensis)
931 2332 1036 2370 coni.
1066 2331 1121 2369 K.
1151 2330 1196 2369 C.
1227 2330 1372 2381 Bailey
1429 2343 1460 2369 s.
1490 2329 1791 2381 <ardentibus>

331 2384 435 2422 coni.
476 2384 763 2434 ll'arminqton.

385 2437 400 2459 ⁴
440 2437 512 2475 lxl.
541 2437 804 2476 differentiae
833 2437 1068 2487 siquidem:
1117 2437 1360 2477 differentia
1385 2441 1450 2475 est
1478 2436 1648 2487 quidem
1677 2437 1790 2486 quod

332 2489 417 2528 edd.
441 2497 529 2529 velt.

387 2544 402 2567 ⁵
440 2544 516 2583 VJ.
544 2543 733 2582 nudum:
779 2543 974 2582 nucleum
1000 2544 1105 2583 coni.
1134 2543 1336 2594 Mayhoff.

324 2621 410 2664 226
