1873 3020
194 978 265 1018 100

195 1634 261 1674 101

552 186 757 234 PLINY
777 204 787 234 ε
840 187 1166 233 NATURAL
1212 185 1504 233 HISTORY

297 318 495 380 liquoris
530 319 720 363 aeterni
755 322 1020 378 argentum
1055 319 1219 360 vivum
1252 315 1548 376 appellatur.
1613 330 1759 360 vene-

296 428 412 457 num
448 426 611 456 rerum
645 412 866 456 omnium
901 416 978 455 est
1010 412 1387 471 perrumpitque
1421 424 1536 454 vasa
1568 424 1759 470 perma-

297 521 419 550 nans
450 504 570 549 tabe
602 503 724 549 djra.
791 505 956 548 omnia
989 506 1033 548 ei
1065 505 1299 548 innatant
1328 508 1530 564 praeter
1558 516 1760 555 aurum;

298 597 347 644 id
367 614 520 643 unum
541 596 604 643 ad
623 613 677 643 se
697 595 868 642 trahit.
936 595 1048 642 ideo
1070 603 1122 642 et
1141 599 1330 657 optime
1349 602 1550 658 purgat,
1567 602 1760 641 ceteras

298 694 401 737 eius
427 690 595 736 sordes
623 706 845 752 expuens
870 690 1043 736 crebro
1066 693 1257 735 iactatu
1284 689 1515 735 fictilibus
1542 691 1593 734 in
1617 691 1758 734 vasis.

300 788 371 830 ita
400 787 529 830 vitiis
551 784 568 812 ¹
599 787 770 830 eiectis
793 784 811 813 ²
841 790 898 830 ut
929 790 981 830 et
1009 786 1171 846 ipsum
1200 783 1264 829 ab
1293 799 1413 829 auro
1441 781 1684 837 discedat,
1711 785 1760 828 in

298 878 451 941 pelles
498 878 732 923 subactas
781 876 1069 932 effunditur,
1116 893 1206 939 per
1252 893 1375 940 quas
1421 876 1611 922 sudoris
1657 879 1761 922 vice

296 971 519 1018 defluens
549 988 727 1034 purum
755 970 992 1033 relinquit
1019 987 1210 1017 aurum.
1279 987 1398 1033 ergo
1426 977 1479 1017 et
1505 987 1618 1017 cum
1646 985 1760 1015 aera

298 1069 605 1121 inaurentur,
633 1064 872 1111 sublitum
899 1065 1110 1124 bratteis
1139 1067 1532 1127 pertinacissime
1559 1067 1762 1118 retinet,

300 1176 469 1206 verum
494 1158 682 1221 pallore
705 1159 902 1221 detegit
925 1158 1170 1221 simplices
1195 1165 1284 1205 aut
1305 1165 1606 1221 praetenues
1628 1157 1763 1203 brat-

297 1261 421 1300 teas.
490 1260 795 1316 quapropter
826 1253 877 1298 id
909 1251 1098 1298 furtum
1132 1259 1432 1315 quaerentes
1465 1255 1542 1298 ovi
1573 1251 1762 1314 liquore

295 1346 507 1393 candido
540 1363 682 1392 usum
719 1362 833 1392 eum
867 1346 1232 1401 adulteravere,
1260 1362 1375 1391 mox
1410 1353 1462 1392 et
1490 1345 1763 1409 hydrargy-

297 1440 445 1495 rum,3
473 1440 536 1487 de
570 1457 668 1503 quo
700 1440 920 1486 dicemus
953 1457 1042 1486 suo
1073 1439 1194 1486 loco.
1264 1446 1317 1486 et
1347 1439 1467 1485 alias
1497 1445 1760 1502 argentum

297 1537 461 1581 vivum
484 1551 581 1580 non
602 1533 794 1596 largum
817 1537 1022 1579 inventu
1046 1541 1137 1580 est.

360 1627 603 1674 XXXIII.
642 1627 701 1673 In
736 1627 892 1674 isdem
929 1631 1123 1690 argenti
1160 1627 1374 1674 metallis
1409 1630 1676 1682 invenitur,
1706 1633 1763 1672 ut

299 1725 494 1784 proprie
520 1721 756 1776 dicatur,4
780 1738 988 1783 spumae
1013 1721 1137 1783 lapis
1166 1721 1410 1767 candidae
1439 1724 1762 1783 nitentisque,

299 1832 394 1862 non
435 1822 606 1861 tamen
647 1814 966 1870 tralucentis;
1023 1818 1154 1861 stimi
1196 1814 1470 1877 appellant,
1509 1814 1590 1860 alii
1629 1814 1762 1868 stibi,

298 1909 377 1955 alii
412 1909 734 1964 alabastrum,
767 1909 918 1972 aliqui
949 1909 1223 1956 larbasim.⁵
1286 1909 1385 1956 duo
1418 1912 1522 1956 eius
1559 1925 1762 1972 genera,

300 2019 405 2049 mas
442 2019 498 2049 ac
534 2002 735 2050 femina.
804 2006 962 2065 magis
993 2003 1208 2065 probant
1240 2002 1496 2058 feminam,
1525 2001 1764 2049 horridior

365 2145 379 2168 ¹
418 2145 508 2183 V.ll.
527 2145 588 2183 ita
608 2145 722 2191 vitis,
744 2145 806 2183 ita
825 2149 875 2183 ut
895 2145 944 2183 iis
966 2145 1095 2194 (hiis),
1116 2146 1267 2185 avitis:
1299 2146 1361 2184 ita
1381 2150 1527 2184 autem
1547 2145 1596 2184 iis
1616 2144 1759 2196 Silliq:

307 2199 435 2237 alutis
461 2199 648 2237 Brotv'er:
694 2198 884 2237 vestibus
909 2199 1144 2238 Harclouin.

362 2253 377 2276 ²
406 2252 549 2290 eiectis
565 2251 649 2289 Ian
668 2267 675 2290 :
711 2253 835 2291 tectis
852 2252 890 2290 Β
908 2268 916 2291 :
960 2252 1050 2291 ml.
1069 2252 1258 2297 abiectis,
1277 2252 1454 2297 iniectis,
1472 2252 1663 2290 invectis.

360 2306 376 2329 ⁸
406 2305 717 2356 hydrargyrum
744 2306 789 2343 L.
817 2306 1034 2344 Poinsinet
1058 2305 1105 2344 de
1130 2306 1278 2355 Sivry:
1323 2305 1600 2356 hydrargyro.

360 2359 376 2382 ⁴
405 2358 572 2397 dicatur
603 2358 798 2409 Mayhoff
811 2374 819 2397 :
859 2358 1026 2397 dicatus
1055 2359 1135 2398 131:
1174 2358 1314 2397 dietus
1344 2359 1419 2397 132:
1459 2359 1647 2397 dicemus
1676 2359 1760 2397 rell.

306 2411 514 2460 (dicamus
540 2411 598 2450 cd.
628 2412 725 2450 Par.
755 2413 892 2459 6801).

353 2465 368 2488 ⁶
397 2465 597 2503 larbasim
614 2465 651 2503 B
664 2481 671 2503 :
705 2465 912 2504 turbasim
934 2465 1042 2504 rell.:
1075 2464 1273 2503 larbason
1290 2464 1535 2504 Hermolaus
1551 2464 1759 2504 Barbarus

298 2519 385 2557 coll.
410 2519 547 2558 Diosc.
574 2519 623 2558 V.
649 2520 713 2557 99.

285 2594 341 2652 76
