1899 3015
249 1639 299 1676 57

585 194 793 243 PLINY
811 213 822 243 ι
879 194 1207 243 NATURAL
1253 194 1549 243 HISTORY

333 325 706 370 Heraclidarum
749 327 1027 378 novissimo,
1068 327 1150 386 qui
1191 330 1243 369 et
1286 323 1519 386 Myrsilus
1560 327 1802 371 vocitatus

331 409 425 455 est,
468 418 728 464 repensam
773 402 925 447 auro?
986 407 1131 446 tanta
1173 403 1271 446 iam
1313 400 1537 461 dignatio
1579 404 1802 463 picturae

332 486 453 524 erat.
523 482 650 524 circa
675 478 870 524 Romuli
897 478 947 524 id
973 484 1196 523 aetatem
1222 477 1456 523 acciderit
1481 493 1683 523 necesse
1710 485 1803 533 est,

332 558 518 600 etenim
582 555 1017 601 duodevicensima
1080 554 1363 617 olympiade
1426 557 1616 600 interiit
1678 555 1803 600 Can-

331 632 501 678 daules
547 640 651 686 aut,
697 639 752 678 ut
796 632 998 694 quidam
1043 631 1266 685 tradunt,
1312 630 1488 676 eodem
1533 647 1662 677 anno
1706 648 1804 694 quo

332 709 585 763 Romulus,
629 712 719 754 nisi
764 708 921 763 fallor,
965 707 1232 754 manifesta
1273 710 1371 753 iam
1415 715 1535 754 tunc
1576 708 1803 755 claritate

249 796 269 831 ῐ
331 789 466 840 artis,
497 786 622 832 adeo
653 786 1001 832 absolutione.l
1069 785 1202 847 quod
1231 787 1269 830 si
1298 787 1448 846 recipi
1478 801 1680 831 necesse
1711 792 1803 841 est,

332 862 475 908 simul
525 870 735 925 apparet
783 863 941 909 multo
992 865 1265 908 vetustiora
1313 865 1553 924 principia
1603 878 1804 924 eosque,

332 943 415 1001 qui
466 939 881 986 monochromatis
933 942 1203 1002 pinxerint,
1255 955 1465 1001 quorum
1516 946 1655 985 aetas
1706 956 1803 985 non

334 1016 562 1071 traditur,
632 1017 887 1078 aliquanto
956 1023 1074 1062 ante
1142 1015 1310 1070 fuisse,
1380 1016 1804 1078 Hygiaenontem,

334 1093 534 1148 Dinian,
561 1093 876 1140 Charmadan
904 1100 972 1148 et,
1000 1096 1083 1155 qui
1111 1096 1295 1155 primus
1322 1095 1371 1138 in
1397 1095 1591 1154 pictura
1615 1110 1803 1139 marem

333 1186 361 1215 a
384 1169 569 1215 femina
593 1171 898 1225 discreverit,
922 1170 1195 1216 Eumarum
1219 1169 1599 1225 Atheniensem,
1624 1170 1803 1233 figuras

333 1263 502 1293 omnes
552 1250 733 1293 imitari
783 1264 975 1302 ausum,
1024 1249 1209 1309 quique
1258 1249 1461 1292 inventa
1510 1249 1613 1293 eius
1663 1263 1805 1293 exco-

334 1323 496 1378 luerit,
550 1324 808 1370 Cimonem
861 1324 1180 1370 Cleonaeum.
1249 1323 1327 1369 hic
1378 1322 1683 1386 catagrapha
1734 1327 1803 1369 in-

335 1403 485 1455 venit,
524 1400 615 1446 hoc
655 1408 731 1447 est
770 1401 993 1464 obliquas
1032 1403 1290 1463 imagines,
1331 1407 1383 1446 et
1422 1404 1553 1446 varie
1593 1400 1804 1447 formare

334 1477 510 1532 voltus,
548 1481 868 1540 respicientes
906 1481 1294 1540 suspicientesve
1332 1477 1409 1523 vel
1446 1477 1804 1539 despicientes3

333 1555 548 1600 articulis
571 1556 796 1600 membra
818 1555 1063 1610 distinxit,
1086 1571 1236 1601 venas
1258 1554 1482 1616 protulit,
1505 1561 1804 1617 praeterque

332 1634 380 1676 in
441 1633 660 1677 vestibus
720 1632 906 1694 rugas2
967 1639 1018 1678 et
1078 1635 1210 1678 sinus
1270 1635 1474 1677 invenit.
1544 1630 1804 1677 Panaenus

334 1708 534 1770 quidem
561 1708 716 1754 frater
742 1708 947 1755 Phidiae
975 1712 1128 1755 etiam
1153 1708 1395 1771 proelium
1421 1708 1804 1754 Atheniensium

334 1785 565 1831 adversus
620 1785 792 1832 Persas
845 1787 978 1848 apud
1033 1785 1335 1832 Marathona
1387 1785 1573 1832 factum
1625 1789 1801 1848 pinxit.

342 1894 410 1985 B¹
451 1894 538 1954 llll.
583 1894 841 1933 absolutioni
885 1894 955 1945 (B)
998 1900 1069 1934 aut
1110 1893 1396 1933 absolutiore:
1457 1907 1540 1932 non
1583 1893 1805 1932 absolutae

379 1953 511 1986 τοίων.

397 2001 411 2024 ²
441 2001 631 2040 vestibus
669 2014 794 2052 rugas
834 2002 1019 2040 Traube:
1078 2006 1196 2040 veste
1234 2005 1278 2039 et
1315 2014 1440 2052 rugas
1479 2001 1626 2039 Gelen:
1686 2005 1803 2039 veste

342 2053 494 2105 brugas
516 2055 573 2093 Β1
593 2070 601 2094 :
644 2060 761 2094 veste
784 2068 909 2106 rugas
932 2056 999 2101 B2‚
1024 2054 1083 2094 ccl.
1110 2055 1264 2094 Tolet.:
1307 2067 1506 2106 verrugas
1528 2054 1612 2093 rell.

386 2168 403 2186 ‘²
433 2163 497 2201 An
520 2163 736 2202 unknown
757 2168 906 2210 event;
945 2164 979 2202 it
1001 2163 1137 2214 might
1159 2163 1209 2201 be
1231 2163 1303 2201 the
1325 2163 1467 2202 defeat
1488 2162 1536 2201 of
1552 2162 1625 2201 the
1646 2161 1802 2201 Greeks

332 2217 606 2255 mentioned
597 2230 639 2255 1n
661 2217 696 2254 V
701 2217 758 2261 ΙΙ,
785 2219 881 2263 126;
919 2230 966 2255 or
987 2230 1102 2255 more
1122 2216 1252 2267 likely
1273 2216 1345 2255 the
1365 2221 1489 2315 great
1505 2216 1647 2317 (ἒῗξῗὺ
1667 2216 1715 2255 of
1731 2215 1803 2254 the

330 2271 549 2362 Ἦᾶῡὲἓῗὶῖῐῗέ
555 2270 1489 2375 ὶὶἰῖίθῗζῗειξῖῗιΐὲἒοιῖῃρῗιῖἒεοΒάσθαὲῗιδὶῗὺᾶὶξεε
1475 2322 1610 2361 about
1625 2322 1702 2360 685
1720 2333 1759 2360 B.
1764 2334 1801 2362 C.

388 2382 406 2453 Σ
430 2376 505 2470 {Re
526 2377 737 2481 ξξαίὶῑῗῖίέἓ
755 2444 916 2470 women
923 2431 954 2470 ’s
988 2430 1081 2469 skin
1112 2430 1227 2480 paler
1256 2443 1302 2467 or
1335 2429 1474 2468 white.
1533 2428 1634 2467 This
1665 2429 1699 2467 is
1728 2427 1802 2467 the

332 2489 452 2534 stage
472 2484 744 2534 1epresented
766 2484 822 2534 by
847 2497 963 2523 vase·
970 2485 1167 2534 painting
1190 2483 1300 2522 from
1323 2483 1397 2522 the
1417 2482 1599 2522 seventh
1623 2485 1804 2531 century

333 2550 367 2574 w
372 2538 453 2576 hen
470 2550 634 2576 women
650 2550 757 2576 were
773 2538 1014 2588 commonly
1029 2537 1226 2576 coloured
1242 2549 1277 2574 w
1282 2537 1383 2582 hite,
1398 2548 1495 2575 men
1511 2535 1584 2575 red
1601 2548 1648 2574 or
1665 2534 1801 2574 black.

333 2620 416 2663 302
