1873 3020
191 871 240 907 mi

191 1648 239 1683 497

191 2108 241 2144 98

526 198 767 244 PLINY:
826 198 1153 245 NATURAL
1195 198 1488 244 HISTORY

278 326 459 381 betur-,1
520 325 811 372 utensilibus
871 329 995 372 vasis
1017 325 1035 353 2
1093 327 1452 387 probatissimo.
1521 326 1738 388 pluribus

277 404 331 447 fit
351 402 442 447 hoc
462 403 633 448 modis,
704 419 918 465 namque
941 403 1142 464 Capuae
1163 403 1380 465 liquatur
1399 419 1495 448 non
1515 403 1738 449 carbonis

277 480 486 540 ignibus,
544 480 631 525 sed
690 479 825 541 ligni,
883 487 1224 541 purgaturque
1282 480 1488 525 roboreo
1543 478 1739 525 cribro3

276 555 529 617 profusum
555 558 602 600 in
624 556 642 584 4
668 572 848 617 aquam
875 555 1103 618 frigidam
1130 573 1186 601 ac
1205 559 1399 617 saepius
1424 555 1566 601 simili
1593 556 1738 602 modo

275 636 518 694 coquitur,
548 635 808 678 novissime
838 633 1018 678 additis
1047 632 1234 694 plumbi
1265 635 1532 695 argentarii
1563 632 1737 694 Hispa-

275 712 454 754 niensis
491 709 629 755 denis
668 709 799 754 libris
837 712 884 754 in
921 717 1158 755 centenas
1194 712 1335 755 aeris.
1403 712 1475 755 ita
1510 708 1737 755 lentescit

275 786 588 847 coloremque
604 786 872 831 iucundum
888 785 1060 841 trahit,
1077 785 1275 848 qualem
1291 789 1338 831 in
1355 786 1459 832 aliis
1474 786 1737 848 generibus

275 866 398 907 aeris
425 862 685 908 adfectant
710 862 817 908 oleo
843 879 899 908 ac
923 862 1041 909 sale.
1111 863 1166 908 fit
1191 858 1482 924 Campano1
1507 862 1664 909 simile
1689 866 1737 908 in

275 939 440 984 multis
490 940 712 1001 partibus
763 939 941 985 Italiae
988 942 1364 1002 provinciisque,
1407 940 1495 986 sed
1538 947 1738 986 octonas

276 1016 462 1076 plumbi
504 1016 650 1062 libras
687 1017 879 1062 addunt
916 1024 968 1062 et
1008 1017 1221 1063 carbone
1264 1023 1497 1063 recocunt
1538 1024 1740 1078 propter

279 1096 491 1154 inopiam
524 1093 657 1156 ligni.
727 1100 969 1155 quantum
1001 1110 1061 1139 ea
1090 1109 1166 1139 res
1192 1092 1502 1139 differentiae
1527 1093 1739 1149 adferat,

276 1173 321 1214 in
357 1169 518 1215 Gallia
551 1173 767 1216 maxime
800 1174 1031 1225 sentitur,
1064 1170 1146 1216 ubi
1181 1173 1311 1216 inter
1341 1170 1529 1232 lapides
1561 1170 1740 1216 cande-

278 1246 433 1292 factos
487 1245 739 1301 funditur3
812 1254 1054 1293 exurente
1109 1250 1239 1293 enim
1293 1254 1493 1294 coctura
1546 1251 1739 1310 nigrum

275 1330 427 1385 atque
454 1322 630 1386 fragile
657 1324 927 1370 conficitur.
995 1331 1259 1386 praeterea
1285 1323 1439 1369 semel
1465 1331 1741 1387 recoquunt

277 1400 408 1461 quod
462 1404 658 1462 saepius
714 1399 888 1446 fecisse
942 1400 1157 1446 bonitati
1212 1401 1476 1462 plurimum
1531 1399 1737 1447 confert.

277 1477 325 1521 id
359 1493 555 1539 quoque
589 1484 788 1523 notasse
823 1494 919 1523 non
953 1478 1016 1523 ab
1049 1493 1102 1523 re
1137 1484 1229 1532 est,
1263 1494 1345 1523 aes
1380 1493 1525 1524 omne
1558 1476 1739 1541 frigore

274 1580 454 1626 magno
475 1564 649 1610 melius
672 1563 826 1610 fundi.

337 1639 558 1702 Sequens
619 1648 963 1703 temperatura
1022 1646 1265 1688 statuaria
1326 1649 1403 1688 est
1462 1642 1739 1704 eademque

274 1717 512 1763 tabularis
541 1717 632 1764 hoc
660 1719 834 1764 modo:
880 1735 1041 1764 massa
1069 1718 1308 1780 proflatur
1334 1722 1384 1764 iu
1411 1721 1596 1780 primis,
1624 1735 1739 1764 mox

275 1797 323 1839 in
357 1793 622 1855 proflatum
658 1795 857 1841 additur
891 1799 1043 1841 tertia
1078 1798 1238 1857 portio
1272 1799 1397 1841 aeris
1433 1795 1739 1850 collectanei,

276 1870 365 1916 hoc
396 1878 472 1917 est
502 1888 563 1917 ex
593 1889 682 1917 usu
712 1876 943 1934 coempti.
1012 1872 1260 1934 peculiare
1290 1875 1340 1918 in
1371 1889 1429 1918 eo
1457 1873 1739 1918 condimen-

275 1954 381 1993 tum
426 1952 603 1994 attritu
649 1949 823 1995 domiti
869 1956 921 1995 et
965 1949 1324 1995 consuetudine
1369 1952 1539 1995 nitoris
1587 1949 1737 1995 veluti

274 2024 616 2071 mansuefacti.
684 2028 953 2071 miscentur
983 2032 1034 2071 et
1062 2026 1250 2087 plumbi
1279 2028 1547 2088 argentarii
1576 2025 1739 2087 pondo

273 2100 502 2147 duodena
543 2119 600 2148 ac
641 2102 850 2148 selibrae
892 2106 1114 2148 centenis
1158 2102 1369 2164 proflati.
1441 2102 1739 2164 Appellatur

365 2198 379 2221 ²
409 2198 654 2249 perhibetur
677 2229 684 2237 .
711 2229 718 2237 .
744 2229 752 2238 .
776 2212 985 2250 campano
1007 2200 1042 2248 (ξ
1063 2199 1114 2237 96
1135 2199 1248 2246 ι’ἠίι.)
1270 2199 1333 2238 Β;
1372 2213 1450 2238 om.
1472 2199 1556 2238 rell.

362 2251 377 2274 ⁹·
407 2265 605 2290 vasorum
627 2253 732 2291 coni.
764 2253 1040 2303 ll'armz'nyton
1063 2254 1148 2292 coll.
1175 2253 1301 2291 XIII.
1328 2254 1390 2291 72.

361 2305 376 2327 ³
403 2304 517 2356 ligno
543 2306 597 2344 K.
625 2306 670 2344 G.
697 2306 855 2355 Bailey.

362 2358 377 2381 ⁴
405 2358 448 2396 in
472 2358 566 2399 add.
592 2359 646 2397 K.
675 2359 719 2397 C.
748 2359 919 2409 Bailey:
963 2359 1181 2410 perfusum
1206 2372 1318 2409 aqua
1343 2358 1495 2410 frigida
1519 2359 1654 2409 Silliq.

589 2472 606 2489 ‘²
635 2466 715 2504 Tin
735 2467 821 2505 and
840 2466 935 2505 lead
956 2467 1099 2505 mixed
1119 2467 1162 2505 in
1183 2466 1308 2517 equal
1328 2470 1459 2517 parts.

585 2519 599 2542 ὸ
632 2520 824 2571 Possibly
848 2520 1024 2558 mineral
1047 2520 1152 2559 coal.

276 2586 359 2643 198
