1873 3020
212 362 264 398 55

214 1094 266 1133 56

218 1560 269 1599 57

534 223 774 269 PLINY:
833 221 1161 268 NATURAL
1203 220 1497 268 HISTORY

358 350 628 414 Polyclitus
675 349 947 412 Sicyonius,
993 347 1287 411 Hageladae
1331 347 1615 410 discipulus,
1658 347 1761 394 dia-

297 418 566 464 dumenum
610 415 730 462 fecit
770 416 986 462 molliter
1025 418 1273 470 iuvenem,
1314 422 1516 460 centum
1556 414 1760 460 talentis

297 485 632 538 nobilitatum,
669 483 801 528 idem
839 489 891 528 et
926 482 1261 544 doryphorum
1297 481 1501 526 viriliter
1534 497 1759 542 puerum.

295 551 416 597 fecit
455 550 545 596 etl
585 566 733 612 quem
772 565 964 595 canona
1002 548 1214 594 artifices
1254 555 1433 594 vocant
1470 547 1761 593 liniamenta

296 622 415 664 artis
446 634 507 663 ex
537 633 596 662 eo
625 623 858 678 petentes
887 615 1042 661 veluti
1071 632 1099 659 a
1128 615 1239 677 lege
1269 614 1504 677 quadam,
1532 614 1761 676 solusque

297 685 552 731 hominum
583 690 744 728 artem
774 686 933 744 ipsam
963 681 1138 728 fecisse
1169 685 1287 727 artis
1320 697 1469 743 opere
1499 681 1760 727 iudicatur.

296 751 415 798 fecit
435 758 488 796 et
505 750 902 812 destringentem
921 765 973 795 se
994 756 1046 795 et
1063 748 1253 794 nudum
1274 748 1373 794 telo
1393 747 1412 776 2
1429 751 1763 793 incessentem

296 819 519 880 duosque
574 833 751 879 pueros
805 819 928 861 item
981 815 1156 870 nudos,
1210 814 1324 861 talis
1377 814 1626 869 ludentes,
1679 817 1763 876 qui

295 892 535 931 vocantur
566 883 976 945 astragalizontes
1010 889 1063 928 et
1093 888 1210 927 sunt
1241 885 1291 927 in
1323 881 1423 927 Titi
1453 884 1764 942 imperatoris

297 949 626 1012 atrio——quo3
661 966 811 1011 opere
847 949 1037 995 nullum
1073 948 1346 994 absolutius
1382 947 1606 1010 plerique
1641 947 1763 993 iudi-

293 1025 412 1064 cant
428 1021 628 1072 3—-item
699 1016 1004 1062 Mercurium
1072 1018 1156 1077 qui
1222 1014 1319 1060 fuit
1389 1014 1764 1077 Lysimacheae,

297 1084 582 1139 Herculem,
620 1087 702 1146 qui
739 1083 944 1137 Romae,
979 1082 1261 1144 hagetera4
1294 1097 1430 1127 arma
1464 1088 1765 1136 sumentem,

297 1153 590 1205 Artemona,
648 1153 731 1212 qui
789 1149 1131 1211 periphoretos
1190 1148 1470 1210 appellatus
1528 1154 1620 1193 est.
1687 1147 1765 1193 hic

297 1234 664 1264 consummasse
691 1217 820 1262 hanc
847 1219 1106 1262 scientiam
1134 1215 1381 1261 iudicatur
1408 1221 1461 1260 et
1486 1217 1766 1260 toreuticen

298 1289 366 1331 sic
410 1284 648 1338 erudisse,
691 1290 748 1329 ut
792 1283 990 1329 Phidias
1034 1285 1301 1344 aperuisse.
1367 1284 1619 1343 proprium
1662 1284 1765 1327 eius

302 1359 395 1407 est,
446 1368 544 1397 uno
594 1367 735 1397 crure
787 1357 843 1396 ut
892 1352 1180 1395 insisterent
1230 1351 1388 1411 signa,
1439 1350 1767 1410 excogitasse,

298 1418 548 1481 quadrata
595 1424 768 1463 tamen
816 1433 923 1462 esse
972 1432 1031 1462 ea
1079 1419 1149 1461 ait
1195 1415 1349 1461 Varro
1397 1421 1450 1461 et
1496 1430 1657 1476 paene
1704 1414 1768 1460 ad

299 1484 599 1546 exemplum.

369 1552 633 1614 Myronem
665 1549 946 1596 Eleutheris
977 1556 1170 1604 natum,
1201 1547 1496 1610 Hageladae
1527 1554 1580 1593 et
1607 1550 1769 1609 ipsum

298 1618 609 1680 discipulum,
664 1617 845 1662 bucula
898 1619 1116 1662 maxime
1171 1615 1454 1661 nobilitavit
1505 1614 1768 1661 celebratis

368 1737 379 1760 ¹
409 1736 483 1775 del.
506 1740 550 1775 et
575 1734 736 1775 Urlichs
756 1739 905 1786 puncto
926 1739 1013 1785 post
1033 1746 1214 1785 puerum
1235 1732 1402 1772 sublato.

365 1791 380 1814 ²
410 1791 496 1829 telo
520 1789 731 1840 Benndorf
745 1805 753 1828 ε
794 1788 898 1827 talo.

362 1845 377 1868 ³
408 1857 491 1894 quo
516 1843 574 1882 cd.
603 1844 700 1881 Par.
728 1843 830 1881 6801
852 1858 860 1881 :
905 1841 983 1880 hoc
1010 1841 1117 1880 Ian:
1162 1840 1260 1879 duo.
1287 1839 1367 1879 hoc
1393 1839 1455 1879 B:
1499 1853 1576 1880 om.
1603 1840 1688 1879 rell.

356 1898 379 1990 ἒ
409 1897 608 1999 hagetera
628 1897 690 1935 B:
728 1899 898 1997 a)getlera
916 1895 999 1988 trell.
1021 1910 1029 1934 z
1067 1894 1280 1933 alexetera
1298 1893 1546 1933 Hardouin:
1585 1894 1771 1932 Anteum

309 1964 331 1990 e
378 1964 469 1990 erra
514 1964 591 1990 om.
620 1962 738 1989 arma
783 1963 842 1988 ec,
873 1962 913 1988 ve
934 1955 961 1988 t.

354 2090 371 2108 ‘¹
403 2084 460 2123 Of
493 2084 640 2133 Argos,
679 2096 777 2133 says
816 2083 941 2120 Plato
980 2082 1161 2131 (Protaq.
1202 2082 1338 2129 3110).
1398 2080 1484 2119 But
1521 2079 1585 2119 his
1622 2079 1772 2130 family

300 2138 454 2177 moved
480 2143 526 2175 to
547 2137 716 2187 Sicyon.
778 2136 842 2174 He
870 2141 1029 2174 cannot
1054 2134 1249 2173 however
1274 2134 1383 2173 have
1410 2134 1515 2172 been
1540 2147 1565 2172 a
1590 2133 1710 2185 pupil
1728 2132 1776 2172 of

300 2191 537 2242 Hageladcs
565 2191 600 2240 (ξ
623 2191 707 2238 49).
765 2189 914 2239 Copies
939 2189 987 2227 of
1013 2187 1284 2238 Polycleitus'
1314 2187 1594 2226 Diadumenus
1620 2186 1705 2226 and
1729 2185 1777 2225 of

299 2246 363 2284 his
394 2244 655 2294 Doryphoro-5
685 2256 753 2281 are
784 2247 948 2282 extant.
1019 2241 1143 2292 Pliny
1175 2241 1367 2280 confusas
1397 2241 1470 2280 the
1500 2243 1619 2291 great
1649 2239 1771 2291 Poly-

301 2299 447 2338 cleitus
476 2297 579 2336 with
608 2297 654 2335 P.
684 2297 759 2335 the
787 2309 988 2347 younger,
1020 2295 1201 2334 likewise
1229 2294 1278 2334 of
1303 2295 1449 2346 Argos,
1474 2294 1569 2333 who
1590 2293 1705 2333 lived
1729 2295 1771 2332 in

301 2353 373 2391 the
392 2352 469 2390 4th
491 2355 667 2401 century
690 2361 770 2389 B.C.

357 2406 372 2429 δ
404 2405 477 2443 We
495 2404 619 2442 know
637 2404 832 2441 however
849 2402 947 2440 that
963 2401 1049 2440 this
1067 2402 1075 2416 ‘
1098 2400 1238 2440 model
1254 2405 1397 2440 statue
1417 2400 1426 2416 ’
1444 2413 1491 2439 or
1508 2400 1517 2416 ‘
1537 2399 1743 2439 standard
1762 2399 1771 2415 ’

298 2472 384 2497 was
405 2458 478 2497 the
501 2457 761 2506 Doryphoros
781 2457 870 2506 just
893 2454 1151 2494 mentioned.

358 2518 371 2536 ⁶
403 2512 472 2557 Or,
499 2511 507 2526 ‘
528 2512 570 2549 in
594 2524 617 2549 a
642 2510 772 2559 single
795 2509 910 2548 work
933 2508 1157 2548 embodied
1181 2507 1254 2546 the
1277 2506 1501 2558 principles
1524 2506 1572 2546 of
1589 2505 1654 2545 hjs
1676 2506 1771 2545 art)

300 2565 345 2603 P.
377 2570 507 2603 wrote
539 2578 564 2602 a
598 2565 772 2602 treatise
802 2576 857 2601 on
889 2567 969 2607 art,
1002 2561 1137 2600 called
1171 2561 1204 2599 it
1235 2560 1393 2606 Κανών,
1423 2560 1526 2600 then
1556 2559 1680 2598 made
1710 2559 1773 2598 his

308 2632 389 2676 168
