<?xml version="1.0" encoding="UTF-8"?>
<!DOCTYPE html PUBLIC "-//W3C//DTD XHTML 1.0 Transitional//EN"
    "http://www.w3.org/TR/xhtml1/DTD/xhtml1-transitional.dtd">
<html xmlns="http://www.w3.org/1999/xhtml" xml:lang="en" lang="en">
 <head>
  <title>
</title>
<meta http-equiv="Content-Type" content="text/html;charset=utf-8" />
  <meta name='ocr-system' content='tesseract 3.04.00' />
  <meta name='ocr-capabilities' content='ocr_page ocr_carea ocr_par ocr_line ocrx_word'/>
</head>
<body>
  <div class='ocr_page' id='page_1' title='image "./naturalhistory09plinuoft/naturalhistory09plinuoft_0236.png"; bbox 0 0 1899 3015; ppageno 0'>
   <div class='ocr_carea' id='block_1_1' title="bbox 582 209 1545 262">
    <p class='ocr_par' dir='ltr' id='par_1_1' title="bbox 582 209 1545 262">
     <span class='ocr_line' id='line_1_1' title="bbox 582 209 1545 262; baseline 0.002 -3"><span class='ocrx_word' id='word_1_1' title='bbox 582 211 822 260; x_wconf 79' lang='lat' dir='ltr'>PLINY:</span> <span class='ocrx_word' id='word_1_2' title='bbox 882 215 1209 261; x_wconf 87' lang='lat' dir='ltr'>NATURAL</span> <span class='ocrx_word' id='word_1_3' title='bbox 1251 209 1545 262; x_wconf 86' lang='lat' dir='ltr'>HISTORY</span> 
     </span>
    </p>
   </div>
   <div class='ocr_carea' id='block_1_2' title="bbox 225 341 1799 1868">
    <p class='ocr_par' dir='ltr' id='par_1_2' title="bbox 328 341 1798 738">
     <span class='ocr_line' id='line_1_2' title="bbox 328 341 1795 404; baseline 0.001 -17"><span class='ocrx_word' id='word_1_4' title='bbox 328 345 561 387; x_wconf 77' lang='lat' dir='ltr'>crassiore</span> <span class='ocrx_word' id='word_1_5' title='bbox 582 341 598 370; x_wconf 86' lang='lat'>¹</span> <span class='ocrx_word' id='word_1_6' title='bbox 659 341 819 388; x_wconf 88' lang='lat' dir='ltr'>lotura</span> <span class='ocrx_word' id='word_1_7' title='bbox 876 342 1043 404; x_wconf 81' lang='lat' dir='ltr'>digitis</span> <span class='ocrx_word' id='word_1_8' title='bbox 1101 343 1365 389; x_wconf 80' lang='lat' dir='ltr'>scabritiae</span> <span class='ocrx_word' id='word_1_9' title='bbox 1425 342 1795 389; x_wconf 82' lang='lat' dir='ltr'>excernuntur.²</span> 
     </span>
     <span class='ocr_line' id='line_1_3' title="bbox 331 408 1795 472; baseline 0.001 -19"><span class='ocrx_word' id='word_1_10' title='bbox 331 411 509 453; x_wconf 78' lang='lat' dir='ltr'>eximia</span> <span class='ocrx_word' id='word_1_11' title='bbox 529 408 548 436; x_wconf 82' lang='lat'><strong>³</strong></span> <span class='ocrx_word' id='word_1_12' title='bbox 579 411 647 453; x_wconf 85' lang='lat' dir='ltr'>vis</span> <span class='ocrx_word' id='word_1_13' title='bbox 682 416 758 454; x_wconf 90' lang='lat' dir='ltr'>est</span> <span class='ocrx_word' id='word_1_14' title='bbox 793 412 913 462; x_wconf 89' lang='lat' dir='ltr'>eius,</span> <span class='ocrx_word' id='word_1_15' title='bbox 944 425 1071 471; x_wconf 90' lang='lat' dir='ltr'>quae</span> <span class='ocrx_word' id='word_1_16' title='bbox 1107 413 1218 455; x_wconf 89' lang='lat' dir='ltr'>vino</span> <span class='ocrx_word' id='word_1_17' title='bbox 1250 409 1456 454; x_wconf 73' lang='lat' dir='ltr'>lavatur.</span> <span class='ocrx_word' id='word_1_18' title='bbox 1527 416 1603 455; x_wconf 86' lang='lat' dir='ltr'>est</span> <span class='ocrx_word' id='word_1_19' title='bbox 1631 409 1795 472; x_wconf 88' lang='lat' dir='ltr'>aliqua</span> 
     </span>
     <span class='ocr_line' id='line_1_4' title="bbox 330 474 1795 538; baseline 0.001 -19"><span class='ocrx_word' id='word_1_20' title='bbox 330 481 382 519; x_wconf 88' lang='lat' dir='ltr'>et</span> <span class='ocrx_word' id='word_1_21' title='bbox 408 478 455 519; x_wconf 92' lang='lat' dir='ltr'>in</span> <span class='ocrx_word' id='word_1_22' title='bbox 480 491 665 537; x_wconf 81' lang='lat' dir='ltr'>genere</span> <span class='ocrx_word' id='word_1_23' title='bbox 690 478 788 520; x_wconf 89' lang='lat' dir='ltr'>vini</span> <span class='ocrx_word' id='word_1_24' title='bbox 817 474 1110 521; x_wconf 84' lang='lat' dir='ltr'>differentia.</span> <span class='ocrx_word' id='word_1_25' title='bbox 1180 476 1276 521; x_wconf 91' lang='lat' dir='ltr'>leni</span> <span class='ocrx_word' id='word_1_26' title='bbox 1304 479 1434 520; x_wconf 87' lang='lat' dir='ltr'>enirn</span> <span class='ocrx_word' id='word_1_27' title='bbox 1459 475 1562 521; x_wconf 85' lang='lat' dir='ltr'>lota</span> <span class='ocrx_word' id='word_1_28' title='bbox 1587 475 1795 538; x_wconf 87' lang='lat' dir='ltr'>collyriis</span> 
     </span>
     <span class='ocr_line' id='line_1_5' title="bbox 329 541 1798 604; baseline 0.002 -19"><span class='ocrx_word' id='word_1_29' title='bbox 329 541 579 586; x_wconf 90' lang='lat' dir='ltr'>oculorum</span> <span class='ocrx_word' id='word_1_30' title='bbox 615 545 777 587; x_wconf 90' lang='lat' dir='ltr'>minus</span> <span class='ocrx_word' id='word_1_31' title='bbox 815 541 946 587; x_wconf 87' lang='lat' dir='ltr'>utilis</span> <span class='ocrx_word' id='word_1_32' title='bbox 983 549 1205 603; x_wconf 87' lang='lat' dir='ltr'>putatur,</span> <span class='ocrx_word' id='word_1_33' title='bbox 1243 542 1519 604; x_wconf 88' lang='lat' dir='ltr'>eademque</span> <span class='ocrx_word' id='word_1_34' title='bbox 1559 543 1798 588; x_wconf 88' lang='lat' dir='ltr'>efficacior</span> 
     </span>
     <span class='ocr_line' id='line_1_6' title="bbox 331 607 1797 670; baseline 0.002 -18"><span class='ocrx_word' id='word_1_35' title='bbox 331 607 593 663; x_wconf 79' lang='lat' dir='ltr'>ulceribus,</span> <span class='ocrx_word' id='word_1_36' title='bbox 627 625 754 670; x_wconf 86' lang='lat' dir='ltr'>quae</span> <span class='ocrx_word' id='word_1_37' title='bbox 788 616 1010 663; x_wconf 88' lang='lat' dir='ltr'>manent,</span> <span class='ocrx_word' id='word_1_38' title='bbox 1044 608 1119 653; x_wconf 86' lang='lat' dir='ltr'>vel</span> <span class='ocrx_word' id='word_1_39' title='bbox 1153 612 1263 663; x_wconf 88' lang='lat' dir='ltr'>oris,</span> <span class='ocrx_word' id='word_1_40' title='bbox 1298 624 1425 670; x_wconf 89' lang='lat' dir='ltr'>quae</span> <span class='ocrx_word' id='word_1_41' title='bbox 1457 608 1713 664; x_wconf 83' lang='lat' dir='ltr'>madeant,</span> <span class='ocrx_word' id='word_1_42' title='bbox 1746 616 1797 655; x_wconf 85' lang='lat' dir='ltr'>et</span> 
     </span>
     <span class='ocr_line' id='line_1_7' title="bbox 333 675 1797 738; baseline 0.001 -20"><span class='ocrx_word' id='word_1_43' title='bbox 333 675 560 719; x_wconf 86' lang='lat' dir='ltr'>omnibus</span> <span class='ocrx_word' id='word_1_44' title='bbox 598 675 991 728; x_wconf 76' lang='lat' dir='ltr'>medicanientiS‚</span> <span class='ocrx_word' id='word_1_45' title='bbox 1030 691 1158 736; x_wconf 91' lang='lat' dir='ltr'>quae</span> <span class='ocrx_word' id='word_1_46' title='bbox 1195 682 1434 736; x_wconf 89' lang='lat' dir='ltr'>parentur</span> <span class='ocrx_word' id='word_1_47' title='bbox 1471 682 1642 721; x_wconf 83' lang='lat' dir='ltr'>contra</span> <span class='ocrx_word' id='word_1_48' title='bbox 1677 691 1797 738; x_wconf 88' lang='lat' dir='ltr'>gan-</span> 
     </span>
    </p>

    <p class='ocr_par' dir='ltr' id='par_1_3' title="bbox 226 740 1799 1070">
     <span class='ocr_line' id='line_1_8' title="bbox 226 740 1796 803; baseline 0.004 -22"><span class='ocrx_word' id='word_1_49' title='bbox 226 744 298 783; x_wconf 80' lang='grc'>132</span> <span class='ocrx_word' id='word_1_50' title='bbox 334 757 558 802; x_wconf 77' lang='lat' dir='ltr'>grae-nas.</span> <span class='ocrx_word' id='word_1_51' title='bbox 629 741 683 786; x_wconf 74' lang='lat' dir='ltr'>fit</span> <span class='ocrx_word' id='word_1_52' title='bbox 718 749 769 786; x_wconf 87' lang='lat' dir='ltr'>et</span> <span class='ocrx_word' id='word_1_53' title='bbox 802 745 850 786; x_wconf 91' lang='lat' dir='ltr'>in</span> <span class='ocrx_word' id='word_1_54' title='bbox 883 745 1077 803; x_wconf 77' lang='lat' dir='ltr'>argenti</span> <span class='ocrx_word' id='word_1_55' title='bbox 1111 740 1388 787; x_wconf 85' lang='lat' dir='ltr'>fornacibus</span> <span class='ocrx_word' id='word_1_56' title='bbox 1421 741 1616 803; x_wconf 89' lang='lat' dir='ltr'>spodos,</span> <span class='ocrx_word' id='word_1_57' title='bbox 1649 758 1796 803; x_wconf 91' lang='lat' dir='ltr'>quam</span> 
     </span>
     <span class='ocr_line' id='line_1_9' title="bbox 337 807 1798 854; baseline 0.001 -2"><span class='ocrx_word' id='word_1_58' title='bbox 337 815 515 853; x_wconf 85' lang='lat' dir='ltr'>vocant</span> <span class='ocrx_word' id='word_1_59' title='bbox 548 807 836 853; x_wconf 76' lang='lat' dir='ltr'>Lauriotim.</span> <span class='ocrx_word' id='word_1_60' title='bbox 906 807 1160 853; x_wconf 84' lang='lat' dir='ltr'>utilissima</span> <span class='ocrx_word' id='word_1_61' title='bbox 1193 815 1364 853; x_wconf 89' lang='lat' dir='ltr'>autem</span> <span class='ocrx_word' id='word_1_62' title='bbox 1395 807 1544 854; x_wconf 87' lang='lat' dir='ltr'>oculis</span> <span class='ocrx_word' id='word_1_63' title='bbox 1573 808 1798 854; x_wconf 87' lang='lat' dir='ltr'>adfirma-</span> 
     </span>
     <span class='ocr_line' id='line_1_10' title="bbox 337 875 1799 937; baseline 0.001 -18"><span class='ocrx_word' id='word_1_64' title='bbox 337 881 417 919; x_wconf 89' lang='lat' dir='ltr'>tur</span> <span class='ocrx_word' id='word_1_65' title='bbox 446 890 574 934; x_wconf 83' lang='lat' dir='ltr'>quae</span> <span class='ocrx_word' id='word_1_66' title='bbox 605 875 691 919; x_wconf 79' lang='lat' dir='ltr'>fiat</span> <span class='ocrx_word' id='word_1_67' title='bbox 720 878 767 919; x_wconf 91' lang='lat' dir='ltr'>in</span> <span class='ocrx_word' id='word_1_68' title='bbox 798 877 1016 928; x_wconf 86' lang='lat' dir='ltr'>aurariis,</span> <span class='ocrx_word' id='word_1_69' title='bbox 1046 891 1136 920; x_wconf 89' lang='lat' dir='ltr'>nec</span> <span class='ocrx_word' id='word_1_70' title='bbox 1164 877 1214 919; x_wconf 91' lang='lat' dir='ltr'>in</span> <span class='ocrx_word' id='word_1_71' title='bbox 1242 875 1337 919; x_wconf 91' lang='lat' dir='ltr'>alia</span> <span class='ocrx_word' id='word_1_72' title='bbox 1364 881 1508 936; x_wconf 87' lang='lat' dir='ltr'>parte</span> <span class='ocrx_word' id='word_1_73' title='bbox 1535 878 1692 937; x_wconf 89' lang='lat' dir='ltr'>magis</span> <span class='ocrx_word' id='word_1_74' title='bbox 1723 882 1799 921; x_wconf 89' lang='lat' dir='ltr'>est</span> 
     </span>
     <span class='ocr_line' id='line_1_11' title="bbox 332 941 1798 1003; baseline 0.002 -19"><span class='ocrx_word' id='word_1_75' title='bbox 332 944 463 985; x_wconf 80' lang='lat' dir='ltr'>vitae</span> <span class='ocrx_word' id='word_1_76' title='bbox 502 943 699 1001; x_wconf 81' lang='lat' dir='ltr'>ingenia</span> <span class='ocrx_word' id='word_1_77' title='bbox 740 944 918 986; x_wconf 87' lang='lat' dir='ltr'>mirari.</span> <span class='ocrx_word' id='word_1_78' title='bbox 988 945 1171 1003; x_wconf 88' lang='lat' dir='ltr'>quippe</span> <span class='ocrx_word' id='word_1_79' title='bbox 1209 957 1271 987; x_wconf 93' lang='lat' dir='ltr'>ne</span> <span class='ocrx_word' id='word_1_80' title='bbox 1309 941 1596 1003; x_wconf 88' lang='lat' dir='ltr'>quaerenda</span> <span class='ocrx_word' id='word_1_81' title='bbox 1633 948 1798 987; x_wconf 84' lang='lat' dir='ltr'>essent</span> 
     </span>
     <span class='ocr_line' id='line_1_12' title="bbox 332 1006 1794 1070; baseline 0.001 -18"><span class='ocrx_word' id='word_1_82' title='bbox 332 1006 552 1060; x_wconf 86' lang='lat' dir='ltr'>metalla,</span> <span class='ocrx_word' id='word_1_83' title='bbox 571 1007 812 1052; x_wconf 68' lang='lat' dir='ltr'>vilissimis</span> <span class='ocrx_word' id='word_1_84' title='bbox 831 1008 976 1053; x_wconf 90' lang='lat' dir='ltr'>rebus</span> <span class='ocrx_word' id='word_1_85' title='bbox 995 1007 1239 1053; x_wconf 79' lang='lat' dir='ltr'>utilitates</span> <span class='ocrx_word' id='word_1_86' title='bbox 1259 1008 1459 1053; x_wconf 88' lang='lat' dir='ltr'>easdem</span> <span class='ocrx_word' id='word_1_87' title='bbox 1480 1010 1794 1070; x_wconf 81' lang='lat' dir='ltr'>excogitavit.</span> 
     </span>
    </p>

    <p class='ocr_par' dir='ltr' id='par_1_4' title="bbox 225 1073 1798 1669">
     <span class='ocr_line' id='line_1_13' title="bbox 225 1073 1796 1135; baseline 0.001 -17"><span class='ocrx_word' id='word_1_88' title='bbox 225 1077 297 1118; x_wconf 85' lang='lat'>133</span> <span class='ocrx_word' id='word_1_89' title='bbox 394 1073 594 1118; x_wconf 71' lang='lat' dir='ltr'>XXXV.</span> <span class='ocrx_word' id='word_1_90' title='bbox 634 1074 945 1135; x_wconf 84' lang='lat' dir='ltr'>Antispodon</span> <span class='ocrx_word' id='word_1_91' title='bbox 995 1082 1173 1120; x_wconf 74' lang='lat' dir='ltr'>vocant</span> <span class='ocrx_word' id='word_1_92' title='bbox 1222 1077 1438 1120; x_wconf 86' lang='lat' dir='ltr'>cinerem</span> <span class='ocrx_word' id='word_1_93' title='bbox 1488 1075 1564 1120; x_wconf 90' lang='lat' dir='ltr'>fici</span> <span class='ocrx_word' id='word_1_94' title='bbox 1613 1075 1796 1120; x_wconf 89' lang='lat' dir='ltr'>arboris</span> 
     </span>
     <span class='ocr_line' id='line_1_14' title="bbox 333 1140 1797 1202; baseline 0.002 -18"><span class='ocrx_word' id='word_1_95' title='bbox 333 1140 406 1184; x_wconf 81' lang='lat' dir='ltr'>vel</span> <span class='ocrx_word' id='word_1_96' title='bbox 432 1140 643 1200; x_wconf 77' lang='lat' dir='ltr'>caprifici</span> <span class='ocrx_word' id='word_1_97' title='bbox 672 1140 748 1185; x_wconf 84' lang='lat' dir='ltr'>vel</span> <span class='ocrx_word' id='word_1_98' title='bbox 773 1144 923 1202; x_wconf 68' lang='lat' dir='ltr'>myrti</span> <span class='ocrx_word' id='word_1_99' title='bbox 949 1140 1175 1186; x_wconf 88' lang='lat' dir='ltr'>foliorum</span> <span class='ocrx_word' id='word_1_100' title='bbox 1200 1157 1313 1187; x_wconf 90' lang='lat' dir='ltr'>cum</span> <span class='ocrx_word' id='word_1_101' title='bbox 1337 1143 1615 1186; x_wconf 74' lang='lat' dir='ltr'>tenerrimis</span> <span class='ocrx_word' id='word_1_102' title='bbox 1640 1157 1797 1187; x_wconf 90' lang='lat' dir='ltr'>ramo-</span> 
     </span>
     <span class='ocr_line' id='line_1_15' title="bbox 332 1207 1796 1267; baseline 0.001 -16"><span class='ocrx_word' id='word_1_103' title='bbox 332 1223 438 1251; x_wconf 87' lang='lat' dir='ltr'>rum</span> <span class='ocrx_word' id='word_1_104' title='bbox 472 1207 694 1267; x_wconf 86' lang='lat' dir='ltr'>partibus</span> <span class='ocrx_word' id='word_1_105' title='bbox 728 1207 804 1252; x_wconf 83' lang='lat' dir='ltr'>vel</span> <span class='ocrx_word' id='word_1_106' title='bbox 836 1207 1034 1252; x_wconf 88' lang='lat' dir='ltr'>oleastri</span> <span class='ocrx_word' id='word_1_107' title='bbox 1067 1207 1144 1253; x_wconf 83' lang='lat' dir='ltr'>vel</span> <span class='ocrx_word' id='word_1_108' title='bbox 1176 1207 1316 1253; x_wconf 88' lang='lat' dir='ltr'>oleae</span> <span class='ocrx_word' id='word_1_109' title='bbox 1347 1207 1426 1253; x_wconf 88' lang='lat' dir='ltr'>vel</span> <span class='ocrx_word' id='word_1_110' title='bbox 1456 1210 1651 1253; x_wconf 86' lang='lat' dir='ltr'>cotonei</span> <span class='ocrx_word' id='word_1_111' title='bbox 1681 1207 1796 1253; x_wconf 89' lang='lat' dir='ltr'>mali</span> 
     </span>
     <span class='ocr_line' id='line_1_16' title="bbox 333 1273 1797 1329; baseline 0.001 -12"><span class='ocrx_word' id='word_1_112' title='bbox 333 1273 409 1318; x_wconf 92' lang='lat' dir='ltr'>vel</span> <span class='ocrx_word' id='word_1_113' title='bbox 435 1273 642 1327; x_wconf 82' lang='lat' dir='ltr'>lentisci,</span> <span class='ocrx_word' id='word_1_114' title='bbox 667 1276 788 1318; x_wconf 87' lang='lat' dir='ltr'>item</span> <span class='ocrx_word' id='word_1_115' title='bbox 814 1290 873 1318; x_wconf 82' lang='lat' dir='ltr'>ex</span> <span class='ocrx_word' id='word_1_116' title='bbox 899 1277 1044 1319; x_wconf 91' lang='lat' dir='ltr'>moris</span> <span class='ocrx_word' id='word_1_117' title='bbox 1070 1277 1362 1329; x_wconf 84' lang='lat' dir='ltr'>immaturis,</span> <span class='ocrx_word' id='word_1_118' title='bbox 1386 1274 1436 1320; x_wconf 91' lang='lat' dir='ltr'>id</span> <span class='ocrx_word' id='word_1_119' title='bbox 1461 1281 1537 1320; x_wconf 90' lang='lat' dir='ltr'>est</span> <span class='ocrx_word' id='word_1_120' title='bbox 1559 1274 1797 1329; x_wconf 81' lang='lat' dir='ltr'>candidis,</span> 
     </span>
     <span class='ocr_line' id='line_1_17' title="bbox 333 1339 1797 1403; baseline 0.002 -20"><span class='ocrx_word' id='word_1_121' title='bbox 333 1343 379 1384; x_wconf 88' lang='lat' dir='ltr'>in</span> <span class='ocrx_word' id='word_1_122' title='bbox 429 1340 530 1385; x_wconf 81' lang='lat' dir='ltr'>sole</span> <span class='ocrx_word' id='word_1_123' title='bbox 565 1339 794 1385; x_wconf 85' lang='lat' dir='ltr'>arefactis</span> <span class='ocrx_word' id='word_1_124' title='bbox 830 1340 905 1385; x_wconf 80' lang='lat' dir='ltr'>vel</span> <span class='ocrx_word' id='word_1_125' title='bbox 941 1357 966 1385; x_wconf 95' lang='lat' dir='ltr'>e</span> <span class='ocrx_word' id='word_1_126' title='bbox 1000 1341 1117 1385; x_wconf 81' lang='lat' dir='ltr'>buxi</span> <span class='ocrx_word' id='word_1_127' title='bbox 1152 1357 1292 1386; x_wconf 88' lang='lat' dir='ltr'>coma</span> <span class='ocrx_word' id='word_1_128' title='bbox 1324 1347 1412 1386; x_wconf 88' lang='lat' dir='ltr'>aut</span> <span class='ocrx_word' id='word_1_129' title='bbox 1454 1341 1797 1403; x_wconf 86' lang='lat' dir='ltr'>pseudocypiri</span> 
     </span>
     <span class='ocr_line' id='line_1_18' title="bbox 331 1406 1796 1453; baseline 0.001 -2"><span class='ocrx_word' id='word_1_130' title='bbox 331 1413 419 1451; x_wconf 88' lang='lat' dir='ltr'>aut</span> <span class='ocrx_word' id='word_1_131' title='bbox 479 1407 583 1451; x_wconf 90' lang='lat' dir='ltr'>rubi</span> <span class='ocrx_word' id='word_1_132' title='bbox 645 1414 731 1452; x_wconf 89' lang='lat' dir='ltr'>aut</span> <span class='ocrx_word' id='word_1_133' title='bbox 791 1407 1063 1452; x_wconf 88' lang='lat' dir='ltr'>terebinthi</span> <span class='ocrx_word' id='word_1_134' title='bbox 1124 1406 1200 1452; x_wconf 85' lang='lat' dir='ltr'>vel</span> <span class='ocrx_word' id='word_1_135' title='bbox 1259 1406 1548 1453; x_wconf 89' lang='lat' dir='ltr'>oenanthes.</span> <span class='ocrx_word' id='word_1_136' title='bbox 1616 1411 1796 1453; x_wconf 89' lang='lat' dir='ltr'>taurini</span> 
     </span>
     <span class='ocr_line' id='line_1_19' title="bbox 333 1473 1798 1534; baseline 0.001 -17"><span class='ocrx_word' id='word_1_137' title='bbox 333 1489 529 1534; x_wconf 83' lang='lat' dir='ltr'>quoque</span> <span class='ocrx_word' id='word_1_138' title='bbox 584 1473 785 1534; x_wconf 84' lang='lat' dir='ltr'>glutinis</span> <span class='ocrx_word' id='word_1_139' title='bbox 844 1481 930 1518; x_wconf 87' lang='lat' dir='ltr'>aut</span> <span class='ocrx_word' id='word_1_140' title='bbox 987 1474 1250 1519; x_wconf 83' lang='lat' dir='ltr'>linteorum</span> <span class='ocrx_word' id='word_1_141' title='bbox 1305 1477 1520 1519; x_wconf 89' lang='lat' dir='ltr'>cinerem</span> <span class='ocrx_word' id='word_1_142' title='bbox 1574 1473 1798 1519; x_wconf 87' lang='lat' dir='ltr'>similiter</span> 
     </span>
     <span class='ocr_line' id='line_1_20' title="bbox 331 1539 1798 1601; baseline 0.002 -18"><span class='ocrx_word' id='word_1_143' title='bbox 331 1539 515 1601; x_wconf 90' lang='lat' dir='ltr'>pollere</span> <span class='ocrx_word' id='word_1_144' title='bbox 573 1543 831 1585; x_wconf 82' lang='lat' dir='ltr'>inventum</span> <span class='ocrx_word' id='word_1_145' title='bbox 889 1547 979 1585; x_wconf 87' lang='lat' dir='ltr'>est.</span> <span class='ocrx_word' id='word_1_146' title='bbox 1050 1547 1258 1585; x_wconf 83' lang='lat' dir='ltr'>uruntur</span> <span class='ocrx_word' id='word_1_147' title='bbox 1313 1543 1477 1586; x_wconf 86' lang='lat' dir='ltr'>omnia</span> <span class='ocrx_word' id='word_1_148' title='bbox 1533 1556 1593 1585; x_wconf 89' lang='lat' dir='ltr'>ea</span> <span class='ocrx_word' id='word_1_149' title='bbox 1648 1540 1798 1586; x_wconf 90' lang='lat' dir='ltr'>crudo</span> 
     </span>
     <span class='ocr_line' id='line_1_21' title="bbox 334 1605 1632 1669; baseline 0.002 -19"><span class='ocrx_word' id='word_1_150' title='bbox 334 1605 468 1651; x_wconf 86' lang='lat' dir='ltr'>fictili</span> <span class='ocrx_word' id='word_1_151' title='bbox 493 1609 542 1650; x_wconf 91' lang='lat' dir='ltr'>in</span> <span class='ocrx_word' id='word_1_152' title='bbox 566 1605 861 1661; x_wconf 88' lang='lat' dir='ltr'>fornacibus,</span> <span class='ocrx_word' id='word_1_153' title='bbox 885 1606 1042 1652; x_wconf 87' lang='lat' dir='ltr'>donec</span> <span class='ocrx_word' id='word_1_154' title='bbox 1066 1606 1231 1668; x_wconf 86' lang='lat' dir='ltr'>figlina</span> <span class='ocrx_word' id='word_1_155' title='bbox 1254 1614 1632 1669; x_wconf 77' lang='lat' dir='ltr'>pei-coquantur.</span> 
     </span>
    </p>

    <p class='ocr_par' dir='ltr' id='par_1_5' title="bbox 225 1672 1797 1868">
     <span class='ocr_line' id='line_1_22' title="bbox 225 1672 1797 1735; baseline 0.001 -19"><span class='ocrx_word' id='word_1_156' title='bbox 225 1679 298 1716; x_wconf 81' lang='lat'>134</span> <span class='ocrx_word' id='word_1_157' title='bbox 394 1672 623 1717; x_wconf 82' lang='lat' dir='ltr'>XXXVI.</span> <span class='ocrx_word' id='word_1_158' title='bbox 663 1673 719 1717; x_wconf 95' lang='lat' dir='ltr'>In</span> <span class='ocrx_word' id='word_1_159' title='bbox 762 1676 960 1718; x_wconf 87' lang='lat' dir='ltr'>aerariis</span> <span class='ocrx_word' id='word_1_160' title='bbox 1003 1674 1202 1718; x_wconf 90' lang='lat' dir='ltr'>officinis</span> <span class='ocrx_word' id='word_1_161' title='bbox 1246 1680 1298 1719; x_wconf 88' lang='lat' dir='ltr'>et</span> <span class='ocrx_word' id='word_1_162' title='bbox 1339 1690 1562 1735; x_wconf 85' lang='lat' dir='ltr'>smegma</span> <span class='ocrx_word' id='word_1_163' title='bbox 1604 1673 1660 1718; x_wconf 83' lang='lat' dir='ltr'>fit</span> <span class='ocrx_word' id='word_1_164' title='bbox 1698 1676 1797 1718; x_wconf 90' lang='lat' dir='ltr'>iam</span> 
     </span>
     <span class='ocr_line' id='line_1_23' title="bbox 335 1739 1796 1800; baseline 0.001 -17"><span class='ocrx_word' id='word_1_165' title='bbox 335 1739 521 1800; x_wconf 82' lang='lat' dir='ltr'>liquato</span> <span class='ocrx_word' id='word_1_166' title='bbox 543 1755 657 1784; x_wconf 89' lang='lat' dir='ltr'>aere</span> <span class='ocrx_word' id='word_1_167' title='bbox 680 1756 735 1785; x_wconf 85' lang='lat' dir='ltr'>ac</span> <span class='ocrx_word' id='word_1_168' title='bbox 757 1747 986 1800; x_wconf 89' lang='lat' dir='ltr'>percocto</span> <span class='ocrx_word' id='word_1_169' title='bbox 1009 1740 1188 1785; x_wconf 83' lang='lat' dir='ltr'>additis</span> <span class='ocrx_word' id='word_1_170' title='bbox 1213 1743 1485 1785; x_wconf 87' lang='lat' dir='ltr'>etiamnum</span> <span class='ocrx_word' id='word_1_171' title='bbox 1505 1739 1796 1785; x_wconf 90' lang='lat' dir='ltr'>carbonibus</span> 
     </span>
     <span class='ocr_line' id='line_1_24' title="bbox 332 1805 1794 1868; baseline 0.001 -18"><span class='ocrx_word' id='word_1_172' title='bbox 332 1805 675 1868; x_wconf 86' lang='lat' dir='ltr'>paulatimque</span> <span class='ocrx_word' id='word_1_173' title='bbox 702 1810 935 1860; x_wconf 85' lang='lat' dir='ltr'>accensis,</span> <span class='ocrx_word' id='word_1_174' title='bbox 962 1823 1017 1852; x_wconf 86' lang='lat' dir='ltr'>ac</span> <span class='ocrx_word' id='word_1_175' title='bbox 1044 1813 1251 1868; x_wconf 86' lang='lat' dir='ltr'>repente</span> <span class='ocrx_word' id='word_1_176' title='bbox 1277 1806 1648 1852; x_wconf 86' lang='lat' dir='ltr'>vehementiore</span> <span class='ocrx_word' id='word_1_177' title='bbox 1674 1805 1794 1852; x_wconf 87' lang='lat' dir='ltr'>flatu</span> 
     </span>
    </p>
   </div>
   <div class='ocr_carea' id='block_1_3' title="bbox 335 1953 1797 2218">
    <p class='ocr_par' dir='ltr' id='par_1_6' title="bbox 335 1953 1797 2057">
     <span class='ocr_line' id='line_1_25' title="bbox 393 1953 1797 2003; baseline 0.001 -12"><span class='ocrx_word' id='word_1_178' title='bbox 393 1954 407 1977; x_wconf 82' lang='lat'>¹</span> <span class='ocrx_word' id='word_1_179' title='bbox 439 1954 638 1992; x_wconf 79' lang='lat' dir='ltr'>crassiore</span> <span class='ocrx_word' id='word_1_180' title='bbox 659 1959 729 1992; x_wconf 75' lang='lat' dir='ltr'>aut</span> <span class='ocrx_word' id='word_1_181' title='bbox 751 1954 927 1992; x_wconf 82' lang='lat' dir='ltr'>crassior</span> <span class='ocrx_word' id='word_1_182' title='bbox 947 1953 1033 1992; x_wconf 79' lang='lat' dir='ltr'>cdd.</span> <span class='ocrx_word' id='word_1_183' title='bbox 1058 1954 1278 2002; x_wconf 88' lang='lat' dir='ltr'>(crossiora</span> <span class='ocrx_word' id='word_1_184' title='bbox 1299 1953 1358 1992; x_wconf 73' lang='lat' dir='ltr'>ccl.</span> <span class='ocrx_word' id='word_1_185' title='bbox 1391 1953 1551 2003; x_wconf 71' lang='lat' dir='ltr'>I&#39;iml.):</span> <span class='ocrx_word' id='word_1_186' title='bbox 1591 1955 1797 1993; x_wconf 80' lang='lat' dir='ltr'>crassiora</span> 
     </span>
     <span class='ocr_line' id='line_1_26' title="bbox 335 2006 1368 2057; baseline 0 -12"><span class='ocrx_word' id='word_1_187' title='bbox 335 2006 502 2056; x_wconf 77' lang='lat' dir='ltr'>D&#39;Arcy</span> <span class='ocrx_word' id='word_1_188' title='bbox 523 2007 778 2057; x_wconf 77' lang='lat' dir='ltr'>Thompson:</span> <span class='ocrx_word' id='word_1_189' title='bbox 808 2007 1013 2046; x_wconf 82' lang='lat' dir='ltr'>crebriore</span> <span class='ocrx_word' id='word_1_190' title='bbox 1033 2008 1136 2046; x_wconf 73' lang='lat' dir='ltr'>coni.</span> <span class='ocrx_word' id='word_1_191' title='bbox 1167 2007 1368 2057; x_wconf 76' lang='lat' dir='ltr'>Mayhoff.</span> 
     </span>
    </p>

    <p class='ocr_par' dir='ltr' id='par_1_7' title="bbox 338 2059 1794 2153">
     <span class='ocr_line' id='line_1_27' title="bbox 392 2059 1794 2110; baseline 0.001 -12"><span class='ocrx_word' id='word_1_192' title='bbox 392 2061 407 2083; x_wconf 81' lang='lat'><strong>²</strong></span> <span class='ocrx_word' id='word_1_193' title='bbox 437 2060 647 2099; x_wconf 80' lang='lat' dir='ltr'>scabritiae</span> <span class='ocrx_word' id='word_1_194' title='bbox 670 2061 882 2109; x_wconf 87' lang='lat' dir='ltr'>(scabritis</span> <span class='ocrx_word' id='word_1_195' title='bbox 903 2061 1126 2099; x_wconf 84' lang='lat' dir='ltr'>scabritiae</span> <span class='ocrx_word' id='word_1_196' title='bbox 1158 2061 1212 2110; x_wconf 90' lang='lat' dir='ltr'>B)</span> <span class='ocrx_word' id='word_1_197' title='bbox 1244 2065 1529 2099; x_wconf 76' lang='lat' dir='ltr'>excernuntur</span> <span class='ocrx_word' id='word_1_198' title='bbox 1559 2059 1675 2099; x_wconf 79' lang='lat' dir='ltr'>cdd.:</span> <span class='ocrx_word' id='word_1_199' title='bbox 1709 2073 1794 2099; x_wconf 86' lang='lat' dir='ltr'>sea-</span> 
     </span>
     <span class='ocr_line' id='line_1_28' title="bbox 338 2112 1463 2153; baseline 0.001 -2"><span class='ocrx_word' id='word_1_200' title='bbox 338 2112 503 2151; x_wconf 81' lang='lat' dir='ltr'>britiem</span> <span class='ocrx_word' id='word_1_201' title='bbox 525 2118 723 2152; x_wconf 86' lang='lat' dir='ltr'>exterunt</span> <span class='ocrx_word' id='word_1_202' title='bbox 745 2114 829 2152; x_wconf 77' lang='lat' dir='ltr'>edd.</span> <span class='ocrx_word' id='word_1_203' title='bbox 860 2120 973 2153; x_wconf 79' lang='lat' dir='ltr'>vett.:</span> <span class='ocrx_word' id='word_1_204' title='bbox 1018 2114 1205 2153; x_wconf 78' lang='lat' dir='ltr'>excernit</span> <span class='ocrx_word' id='word_1_205' title='bbox 1231 2114 1463 2153; x_wconf 76' lang='lat' dir='ltr'>Caesarius,</span> 
     </span>
    </p>

    <p class='ocr_par' dir='ltr' id='par_1_8' title="bbox 388 2167 1467 2218">
     <span class='ocr_line' id='line_1_29' title="bbox 388 2167 1467 2218; baseline 0.001 -13"><span class='ocrx_word' id='word_1_206' title='bbox 388 2167 404 2190; x_wconf 81' lang='lat'>³</span> <span class='ocrx_word' id='word_1_207' title='bbox 433 2168 588 2206; x_wconf 85' lang='lat' dir='ltr'>eximia</span> <span class='ocrx_word' id='word_1_208' title='bbox 614 2167 808 2218; x_wconf 70' lang='lat' dir='ltr'>Mayhoff</span> <span class='ocrx_word' id='word_1_209' title='bbox 874 2173 917 2206; x_wconf 88' lang='lat' dir='ltr'>et</span> <span class='ocrx_word' id='word_1_210' title='bbox 943 2168 1081 2206; x_wconf 83' lang='lat' dir='ltr'>media</span> <span class='ocrx_word' id='word_1_211' title='bbox 1106 2168 1170 2207; x_wconf 85' lang='lat' dir='ltr'>B:</span> <span class='ocrx_word' id='word_1_212' title='bbox 1212 2181 1290 2207; x_wconf 85' lang='lat' dir='ltr'>om.</span> <span class='ocrx_word' id='word_1_213' title='bbox 1317 2172 1360 2206; x_wconf 84' lang='lat' dir='ltr'>et</span> <span class='ocrx_word' id='word_1_214' title='bbox 1384 2168 1467 2207; x_wconf 80' lang='lat' dir='ltr'>rell.</span> 
     </span>
    </p>
   </div>
   <div class='ocr_carea' id='block_1_4' title="bbox 327 2383 1793 2595">
    <p class='ocr_par' dir='ltr' id='par_1_9' title="bbox 327 2383 1792 2476">
     <span class='ocr_line' id='line_1_30' title="bbox 385 2383 1792 2430; baseline -0.001 -8"><span class='ocrx_word' id='word_1_215' title='bbox 385 2389 402 2406; x_wconf 81' lang='lat'>‘¹</span> <span class='ocrx_word' id='word_1_216' title='bbox 432 2383 486 2422; x_wconf 83' lang='lat' dir='ltr'>So</span> <span class='ocrx_word' id='word_1_217' title='bbox 514 2383 649 2422; x_wconf 84' lang='lat' dir='ltr'>called</span> <span class='ocrx_word' id='word_1_218' title='bbox 676 2384 786 2423; x_wconf 89' lang='lat' dir='ltr'>from</span> <span class='ocrx_word' id='word_1_219' title='bbox 814 2384 1016 2423; x_wconf 84' lang='lat' dir='ltr'>Laurium</span> <span class='ocrx_word' id='word_1_220' title='bbox 1044 2385 1087 2422; x_wconf 89' lang='lat' dir='ltr'>in</span> <span class='ocrx_word' id='word_1_221' title='bbox 1115 2384 1273 2430; x_wconf 87' lang='lat' dir='ltr'>Attica,</span> <span class='ocrx_word' id='word_1_222' title='bbox 1303 2383 1438 2424; x_wconf 78' lang='lat' dir='ltr'>where</span> <span class='ocrx_word' id='word_1_223' title='bbox 1467 2383 1584 2423; x_wconf 89' lang='lat' dir='ltr'>there</span> <span class='ocrx_word' id='word_1_224' title='bbox 1611 2396 1681 2422; x_wconf 83' lang='lat' dir='ltr'>are</span> <span class='ocrx_word' id='word_1_225' title='bbox 1707 2383 1792 2422; x_wconf 83' lang='lat' dir='ltr'>still</span> 
     </span>
     <span class='ocr_line' id='line_1_31' title="bbox 327 2437 617 2476; baseline 0 0"><span class='ocrx_word' id='word_1_226' title='bbox 327 2437 452 2476; x_wconf 87' lang='lat' dir='ltr'>silver</span> <span class='ocrx_word' id='word_1_227' title='bbox 473 2438 617 2476; x_wconf 87' lang='lat' dir='ltr'>mines.</span> 
     </span>
    </p>

    <p class='ocr_par' dir='ltr' id='par_1_10' title="bbox 329 2489 1793 2595">
     <span class='ocr_line' id='line_1_32' title="bbox 383 2489 1793 2541; baseline -0.001 -13"><span class='ocrx_word' id='word_1_228' title='bbox 383 2489 398 2512; x_wconf 60' lang='grc' dir='ltr'><strong>ὁ</strong></span> <span class='ocrx_word' id='word_1_229' title='bbox 427 2491 527 2529; x_wconf 84' lang='lat' dir='ltr'>This</span> <span class='ocrx_word' id='word_1_230' title='bbox 556 2490 670 2529; x_wconf 92' lang='lat' dir='ltr'>word</span> <span class='ocrx_word' id='word_1_231' title='bbox 701 2493 869 2541; x_wconf 87' lang='grc' dir='ltr'>σμῆγμα</span> <span class='ocrx_word' id='word_1_232' title='bbox 896 2503 987 2536; x_wconf 88' lang='lat' dir='ltr'>can,</span> <span class='ocrx_word' id='word_1_233' title='bbox 1012 2491 1046 2529; x_wconf 94' lang='lat' dir='ltr'>it</span> <span class='ocrx_word' id='word_1_234' title='bbox 1074 2503 1219 2534; x_wconf 79' lang='lat' dir='ltr'>seems,</span> <span class='ocrx_word' id='word_1_235' title='bbox 1251 2490 1300 2529; x_wconf 84' lang='lat' dir='ltr'>be</span> <span class='ocrx_word' id='word_1_236' title='bbox 1327 2489 1429 2528; x_wconf 87' lang='lat' dir='ltr'>used</span> <span class='ocrx_word' id='word_1_237' title='bbox 1456 2493 1533 2528; x_wconf 88' lang='lat' dir='ltr'>not</span> <span class='ocrx_word' id='word_1_238' title='bbox 1559 2489 1660 2540; x_wconf 89' lang='lat' dir='ltr'>only</span> <span class='ocrx_word' id='word_1_239' title='bbox 1683 2489 1748 2528; x_wconf 87' lang='lat' dir='ltr'>for</span> <span class='ocrx_word' id='word_1_240' title='bbox 1769 2503 1793 2527; x_wconf 88' lang='lat' dir='ltr'>a</span> 
     </span>
     <span class='ocr_line' id='line_1_33' title="bbox 329 2542 1793 2595; baseline -0.001 -13"><span class='ocrx_word' id='word_1_241' title='bbox 329 2543 548 2594; x_wconf 84' lang='lat' dir='ltr'>detergent</span> <span class='ocrx_word' id='word_1_242' title='bbox 575 2557 622 2582; x_wconf 91' lang='lat' dir='ltr'>or</span> <span class='ocrx_word' id='word_1_243' title='bbox 648 2544 858 2594; x_wconf 84' lang='lat' dir='ltr'>cleansing</span> <span class='ocrx_word' id='word_1_244' title='bbox 885 2548 1025 2595; x_wconf 83' lang='lat' dir='ltr'>agent,</span> <span class='ocrx_word' id='word_1_245' title='bbox 1055 2544 1133 2582; x_wconf 88' lang='lat' dir='ltr'>but</span> <span class='ocrx_word' id='word_1_246' title='bbox 1159 2543 1250 2582; x_wconf 83' lang='lat' dir='ltr'>also</span> <span class='ocrx_word' id='word_1_247' title='bbox 1278 2544 1341 2582; x_wconf 92' lang='lat' dir='ltr'>for</span> <span class='ocrx_word' id='word_1_248' title='bbox 1367 2543 1440 2582; x_wconf 90' lang='lat' dir='ltr'>the</span> <span class='ocrx_word' id='word_1_249' title='bbox 1466 2543 1573 2582; x_wconf 89' lang='lat' dir='ltr'>stuff</span> <span class='ocrx_word' id='word_1_250' title='bbox 1595 2542 1793 2582; x_wconf 88' lang='lat' dir='ltr'>removed</span> 
     </span>
    </p>
   </div>
   <div class='ocr_carea' id='block_1_5' title="bbox 331 2640 415 2681">
    <p class='ocr_par' dir='ltr' id='par_1_11' title="bbox 331 2640 415 2681">
     <span class='ocr_line' id='line_1_34' title="bbox 331 2640 415 2681; baseline 0.012 -12"><span class='ocrx_word' id='word_1_251' title='bbox 331 2640 415 2681; x_wconf 83' lang='lat'>224</span> 
     </span>
    </p>
   </div>
  </div>
 </body>
</html>
