1873 3020
226 492 276 529 63

227 1106 277 1145 (54

225 1726 275 1761 65

564 202 805 250 PLINY:
863 201 1189 251 NATURAL
1232 202 1523 250 HISTORY

310 334 619 377 contumacia
642 331 752 385 fuit,
775 338 831 377 ut
851 330 1037 377 theatri
1058 331 1350 377 clamoribus
1371 334 1542 393 reponi
1563 347 1776 394 apoxyo-

310 424 490 453 menon
525 407 828 469 flagitaverit
862 411 1206 470 princepsque,
1243 424 1544 470 quamquam
1579 408 1777 454 adama-

311 492 435 537 tum,
464 487 754 545 reposuerit.
825 484 1116 531 nobilitatur
1146 484 1390 547 Lysippus
1421 491 1473 531 et
1500 484 1777 530 temulenta

313 562 515 606 tibicina
566 568 617 606 et
664 561 868 606 canibus
917 578 973 607 ac
1021 564 1304 616 venatione,
1352 565 1400 606 in
1448 564 1615 623 primis
1663 577 1778 607 vero

310 638 549 700 quadriga
572 655 682 683 cum
704 637 815 683 Sole
836 637 1155 683 Rhodiorum.
1225 637 1343 684 feeit.
1365 645 1416 684 et
1436 638 1776 684 Alexandrum

315 714 557 777 Magnum
609 715 776 760 multis
828 715 1076 776 operibus,
1127 732 1154 759 a
1206 718 1420 775 pueritia
1472 718 1574 760 eius
1625 731 1778 770 orsus,

310 808 457 853 quam
476 799 697 837 statuam
716 795 930 836 inaurari
949 795 1089 837 iussit
1109 791 1239 837 Nero
1256 795 1481 853 princeps
1500 791 1778 837 delectatus

309 869 576 914 admodum
600 868 709 922 illa;
750 869 883 923 dein,
906 885 1015 913 cum
1042 872 1202 929 pretio
1226 872 1434 929 perisset
1456 872 1619 930 gratia
1643 872 1778 923 artis,

309 946 590 991 detractum
633 953 708 991 est
747 962 938 999 aurum,
978 949 1336 1008 pretiosiorque
1376 945 1488 991 talis
1530 949 1778 991 existima-

309 1022 494 1068 batur1
542 1026 694 1068 etiam
741 1023 1048 1068 cicatricibus
1095 1026 1254 1083 operis
1302 1030 1453 1085 atque
1500 1025 1778 1076 concisuris,

311 1103 359 1145 in
413 1100 588 1162 quibus
641 1117 815 1145 aurum
867 1099 1139 1154 haeserat,2
1191 1099 1577 1145 remanentibus.
1647 1099 1778 1145 idem

310 1176 427 1222 feeit
485 1176 930 1237 Hephaestionem,
987 1176 1259 1222 Alexandri
1318 1176 1493 1239 Magni
1549 1180 1778 1231 amicum,

308 1270 456 1315 quem
495 1253 698 1315 quidam
736 1253 976 1316 Polyclito
1013 1253 1314 1308 adscribant,
1351 1270 1464 1299 cum
1500 1256 1539 1298 is
1576 1260 1777 1299 centum

311 1347 462 1392 prope
485 1333 624 1376 annis
647 1338 765 1376 ante
787 1330 966 1384 fuerit3
1007 1333 1128 1376 item
1151 1330 1423 1376 Alexandri
1445 1333 1779 1385 venationem,

310 1424 438 1470 quae
468 1407 673 1469 Delphis
702 1415 897 1453 sacrata
926 1415 1018 1462 est,
1046 1407 1258 1453 Athenis
1286 1406 1537 1470 Satyrum,
1564 1415 1779 1453 turmam

315 1485 600 1539 Alexandri,
640 1488 687 1529 in
727 1502 823 1547 qua
862 1488 1130 1530 amicorum
1170 1487 1272 1530 eius
1311 1487 1550 1547 imagines
1589 1501 1779 1530 summa

311 1565 529 1607 omnium
597 1562 918 1608 similitudine
988 1564 1258 1624 expressit3
1343 1561 1471 1608 hanc
1541 1561 1779 1607 Metellus

314 1639 609 1685 Macedonia
671 1640 878 1685 subacta
939 1638 1195 1685 transtulit
1256 1639 1479 1685 Romam.
1549 1638 1668 1685 fecit
1729 1646 1779 1685 et

312 1716 576 1778 quadrigas
602 1716 870 1762 multorum
895 1732 1150 1779 generum.
1220 1719 1494 1762 statuariae
1519 1719 1612 1762 arti
1633 1715 1778 1778 pluri-

311 1810 446 1838 mum
512 1793 727 1839 traditur
792 1792 1075 1847 contulisse,
1141 1792 1374 1854 capillum
1440 1792 1780 1854 exprimendo,

309 1873 475 1932 capita
541 1875 729 1916 minora
796 1870 1023 1917 faciendo
1089 1887 1238 1932 quam
1304 1873 1512 1932 antiqui,
1578 1886 1778 1932 corpora

310 1947 566 2010 graciliora
599 1951 916 2010 siccioraque,
949 1964 1038 2009 per
1069 1963 1197 2009 quae
1229 1949 1498 2009 proceritas
1530 1950 1779 2009 signorum

312 2027 465 2070 maior
502 2025 766 2071 videretur.
837 2042 934 2071 non
970 2024 1125 2070 habet
1162 2024 1399 2070 Latinum
1435 2040 1615 2070 nomen
1651 2041 1779 2087 sym-

740 2132 753 2155 1
791 2132 866 2171 VJ.
889 2132 1173 2170 existimatur.

732 2186 747 2209 ²
776 2186 915 2224 fuerat
936 2185 998 2224 B:
1039 2185 1232 2224 haeserat
1252 2185 1335 2224 rell.

361 2326 379 2344 ⁰
409 2320 524 2359 With
549 2320 621 2358 the
644 2319 752 2358 head
774 2319 979 2357 eneircled
1003 2319 1106 2357 with
1127 2332 1238 2370 ra-ys.

365 2374 379 2397 ¹²
409 2374 509 2411 This
534 2374 671 2411 would
698 2374 747 2411 be
772 2372 898 2423 right,
924 2372 1119 2424 perhaps,
1144 2373 1180 2411 if
1199 2372 1302 2423 they
1327 2376 1472 2410 meant
1495 2371 1568 2410 the
1590 2384 1779 2423 younger

308 2428 369 2473 Ρ.,
394 2427 611 2465 unknown
635 2433 680 2465 to
706 2427 844 2477 Pliny.

363 2487 376 2505 ⁰
406 2480 686 2531 Twentfy-five
707 2480 867 2518 officere
883 2478 976 2517 who
992 2478 1065 2517 fell
1082 2479 1123 2517 in
1146 2478 1218 2517 the
1238 2477 1384 2517 Battle
1404 2478 1452 2517 of
1466 2478 1539 2517 the
1559 2477 1778 2518 Granicus.

307 2534 449 2573 Vellei.
472 2534 648 2579 Patere„
670 2535 705 2573 I.
731 2535 791 2579 11,
814 2535 850 2573 3.

314 2618 395 2661 174
