1899 3015
216 829 289 866 138

220 1750 290 1788 139

575 226 814 277 PLINY:
873 226 1200 277 NATURAL
1242 228 1537 276 HISTORY

324 370 414 407 est.
484 361 630 406 verba
676 364 776 421 ipsa
819 359 882 405 de
918 376 977 405 ea
1019 374 1072 404 re
1111 357 1377 403 Messallae
1412 361 1540 403 senis
1583 374 1790 419 ponam:

323 437 636 483 Serviliorum
698 436 884 481 familia
942 435 1097 481 habet
1154 438 1390 480 trientem
1447 451 1657 489 sacrum,
1714 439 1788 481 cui

322 530 512 560 summa
549 531 659 559 cum
697 531 810 559 cura
849 512 1320 574 magnificentiaque
1354 527 1492 556 sacra
1528 515 1790 573 quotannis

322 591 525 636 faciunt.
594 607 742 652 quem
771 590 940 635 serunt
967 589 1085 634 alias
1113 592 1341 643 crevisse,
1369 587 1488 633 alias
1516 587 1790 634 decrevisse

323 669 473 713 videri
525 674 575 712 et
623 684 685 712 ex
734 684 792 712 eo
839 673 926 712 aut
973 665 1210 712 honorem
1258 671 1346 710 aut
1393 664 1790 711 deminutionem

322 744 537 789 familiae
560 744 849 806 significare.

384 821 617 866 XXXIX.
656 820 884 866 Proxime
929 819 1132 865 indicari
1178 819 1368 865 debent
1412 817 1616 864 metalla
1659 817 1790 864 ferri.

322 905 526 959 optumo
552 901 864 959 pessimoque
891 900 1023 942 vitae
1050 899 1381 942 instrumento
1408 894 1522 950 est,1
1548 895 1793 958 siquidem

326 975 415 1020 hoc
469 974 698 1020 tellurem
753 974 1035 1028 scindimus,
1075 973 1273 1018 arbores
1328 975 1552 1027 serimus,
1591 972 1794 1018 arbusta

323 1051 626 1105 tondemus‚2
688 1055 811 1097 vites
872 1050 1101 1113 squalore
1148 1049 1313 1095 deciso
1374 1052 1512 1094 annis
1567 1049 1792 1095 omnibus

322 1133 541 1191 cogimus
571 1132 904 1182 iuvenescere,
932 1127 1023 1173 hoc
1053 1129 1326 1173 extruimus
1355 1133 1510 1181 tecta,
1539 1125 1793 1172 caedimus

323 1222 461 1260 saxa,
509 1221 779 1267 omnesque
828 1205 892 1250 ad
940 1204 1058 1250 alios
1108 1220 1222 1249 usus
1273 1202 1402 1248 ferro
1452 1205 1655 1258 utimur,
1703 1203 1792 1249 sed

325 1282 501 1328 eodem
541 1282 604 1328 ad
643 1281 792 1336 bella,
832 1282 1028 1336 caedes,
1068 1280 1342 1334 latrocinia,
1383 1296 1480 1325 non
1521 1283 1792 1326 comminus

323 1359 498 1413 solum,
530 1359 618 1404 sed
652 1362 804 1404 etiam
836 1357 1005 1404 missili
1039 1357 1337 1419 volucrique,
1370 1373 1499 1402 nunc
1531 1361 1791 1403 tormentis

325 1453 545 1489 excusso,
595 1453 722 1481 nunc
769 1435 983 1490 lacertis,
1032 1451 1160 1480 nunc
1209 1450 1323 1479 vero
1370 1437 1595 1495 pinnato,
1643 1450 1792 1495 quam

325 1513 752 1558 sceleratissimam
805 1512 1004 1557 humani
1056 1513 1239 1573 ingenii
1290 1509 1517 1556 fraudem
1566 1511 1792 1566 arbitror,

327 1589 589 1651 siquidem,
637 1596 690 1634 ut
737 1593 868 1635 ocius
915 1606 1043 1634 mors
1090 1591 1372 1649 perveniret
1417 1587 1480 1632 ad
1525 1586 1792 1642 hominem,

324 1666 494 1712 alitem
555 1665 690 1711 illam
752 1665 956 1711 fecimus
1019 1668 1294 1727 pinnasque
1356 1663 1486 1710 ferro
1549 1664 1790 1710 dedimus,

324 1760 473 1804 quam
508 1743 570 1788 ob
607 1759 710 1787 rem
746 1743 890 1803 culpa
927 1745 1030 1788 eius
1068 1758 1164 1787 non
1199 1748 1411 1787 naturae
1448 1742 1536 1786 fiat
1571 1748 1791 1803 accepta.

325 1821 513 1881 aliquot
557 1823 909 1880 experimentis
952 1819 1216 1880 probatum
1260 1824 1336 1864 est
1376 1834 1518 1880 posse
1560 1820 1791 1863 innocens

327 1913 433 1942 esse
492 1896 691 1942 ferrum.
762 1900 809 1941 in
869 1895 1088 1950 foedere,
1142 1895 1272 1957 quod
1328 1894 1541 1956 expulsis
1594 1895 1791 1957 regibus

326 1973 507 2035 populo
547 1973 769 2018 Romano
807 1973 946 2018 dedit
986 1972 1204 2026 Porsina,
1243 1975 1535 2017 nominatim
1573 1988 1789 2033 compre-

329 2049 536 2095 hensum
556 2053 848 2105 invenimus,
868 2066 928 2094 ne
948 2048 1077 2094 ferro
1097 2053 1186 2095 nisi
1205 2052 1253 2094 in
1272 2052 1376 2111 agri
1395 2048 1530 2094 cultu
1550 2056 1789 2094 uteretur.

329 2134 379 2172 et
406 2134 513 2172 tum
534 2126 554 2154 ³
579 2125 691 2172 stilo
718 2143 857 2172 osseo
877 2125 896 2154 4
921 2126 1133 2172 scribere
1161 2129 1446 2171 institutum
1473 2128 1789 2171 vetustissimi

327 2210 551 2248 auctores
615 2203 951 2264 prodiderunt.
1035 2202 1208 2265 Magni
1273 2201 1474 2264 Pompei
1538 2204 1587 2247 in
1642 2205 1792 2247 tertio

390 2331 403 2353 ²
433 2336 497 2368 est
517 2330 609 2369 add.
635 2330 835 2380 Mayhosf.

387 2384 402 2406 ²
441 2385 513 2422 111.
554 2397 759 2434 ponemus
797 2387 854 2434 (p.
896 2385 1086 2435 pomaria
1124 2383 1182 2422 cd.
1222 2383 1332 2423 Flor.
1373 2383 1482 2421 Ricc.
1522 2387 1565 2421 ut
1606 2382 1786 2422 videtur:

332 2438 527 2489 ponimus
553 2451 592 2488 p.
620 2437 705 2476 edd.
736 2440 857 2486 vett.).

385 2491 399 2513 ³
442 2491 512 2528 122.
536 2504 647 2529 cum.

386 2544 400 2566 ⁴
430 2557 548 2582 osseo
570 2544 662 2582 add.
689 2543 883 2594 lllayhoff
900 2543 986 2582 coll.
1011 2542 1115 2582 [sid.
1139 2542 1213 2583 VI.
1235 2544 1272 2581 9.
1294 2543 1331 2581 2.

327 2622 412 2665 228
