1899 3015
257 553 279 585 ι’»

261 1083 280 1118 7

261 1551 283 1585 ὅ

556 215 796 261 PLINY:
855 214 1181 261 NATURAL
1223 214 1518 262 HISTORY

301 343 605 397 custodiunt,
632 358 753 403 quas
790 342 954 388 icadas
979 349 1175 396 vocant,
1200 344 1232 387 ii
1262 345 1496 396 maxime,
1522 345 1605 403 qui
1631 357 1683 387 se
1709 358 1771 388 ne

304 414 523 455 viventes
577 409 779 470 quidem
831 411 961 455 nosci
1016 408 1201 454 volunt.
1271 411 1342 453 ita
1394 416 1469 454 est
1521 407 1770 470 profecto:

303 484 433 522 artes
453 476 640 521 desidia
661 475 894 537 perdidit,
915 482 966 521 et
985 478 1218 537 quoniam
1238 478 1512 520 animorum
1531 477 1771 537 imagines

305 560 401 588 non
428 550 560 596 sunt,
588 542 923 604 negleguntur
950 545 1103 587 etiam
1129 558 1402 603 corporum.
1471 541 1615 587 aliter
1641 541 1772 602 apud

303 613 511 654 maiores
538 612 585 654 in
611 612 746 654 atriis
773 608 894 654 haec
921 616 1080 662 erant,
1106 624 1234 669 quae
1260 614 1633 669 spectarentur;
1675 624 1772 653 non

303 680 443 738 signa
477 683 797 721 externorum
831 675 1075 720 artificum
1109 691 1200 720 nec
1233 690 1350 720 aera
1382 682 1469 720 aut
1502 690 1773 720 marmora:

304 746 519 803 expressi
589 758 703 787 cera
769 741 931 787 vultus
989 741 1192 803 singulis
1251 741 1644 802 disponebantur
1701 757 1774 786 ar-

306 812 484 855 mariis,
551 816 605 853 ut
671 815 838 854 essent
902 811 1160 870 imagines,
1225 823 1354 869 quae
1418 811 1775 853 comitarentur

303 875 554 937 gentilicia
593 874 784 927 funera,
824 890 1120 936 semperque
1159 873 1397 920 defuncto
1436 873 1600 936 aliquo
1638 880 1774 919 totus

304 943 477 988 aderat
524 941 739 986 familiae
786 944 888 986 eius
934 945 1018 1002 qui
1064 957 1299 1002 umquam
1344 940 1510 986 fuerat
1545 939 1770 1002 populus.

303 1015 572 1055 stemmata
620 1024 735 1053 vero
784 1007 960 1053 lineis1
1011 1008 1354 1053 discurrebant
1413 1007 1475 1053 ad
1534 1009 1774 1069 imagines

307 1079 477 1137 pictas.
527 1074 751 1120 tabulina
769 1074 1016 1120 codicibus
1036 1074 1372 1135 implebantur
1388 1080 1441 1119 et
1457 1076 1775 1119 monimentis

305 1159 467 1187 rerum
502 1144 552 1186 in
586 1144 881 1203 magistratu
916 1148 1186 1203 gestarum.
1256 1140 1381 1185 aliae
1415 1139 1530 1186 foris
1565 1146 1617 1186 et
1649 1142 1777 1185 circa

307 1209 471 1253 limina
511 1210 785 1253 animorum
824 1210 1104 1269 ingentium
1142 1210 1383 1269 imagines
1422 1213 1565 1252 erant
1602 1206 1775 1252 adfixis

307 1275 521 1320 hostium
562 1274 743 1335 spoliis,
785 1290 913 1336 quae
955 1290 1045 1319 nec
1086 1276 1297 1335 emptori
1338 1273 1547 1335 refigere
1587 1272 1776 1327 liceret,

306 1341 782 1403 triumphabantque
822 1343 973 1386 etiam
1011 1341 1220 1386 dominis
1258 1343 1464 1385 mutatis
1501 1339 1776 1385 aeternae2

306 1409 495 1454 domus.
561 1415 668 1452 erat
685 1407 807 1452 haec
824 1407 1097 1453 stimulatio
1113 1407 1131 1435 3
1152 1410 1343 1468 ingens,
1362 1407 1775 1468 exprobrantibus

308 1478 452 1520 tectis
486 1474 667 1519 cotidie
701 1474 936 1519 inbellem
970 1474 1225 1519 dominum
1259 1476 1444 1519 intrare
1477 1475 1528 1518 in
1561 1472 1776 1518 alienum

308 1540 629 1602 triumphum.
700 1547 866 1586 exstat
923 1539 1171 1585 Messalae
1225 1542 1430 1586 oratoris
1484 1539 1777 1601 indignatio,

306 1624 434 1670 quae
459 1607 711 1669 prohibuit
734 1610 880 1652 inseri
904 1610 1041 1669 genti
1068 1623 1186 1653 suae
1213 1606 1541 1651 Laevinorum
1565 1606 1777 1650 alienam

307 1678 588 1736 imaginem.
658 1674 825 1719 similis
877 1690 1025 1719 causa
1078 1673 1326 1719 Messalae
1377 1675 1481 1718 seni
1535 1675 1777 1734 expressit

307 1741 553 1787 volumina
578 1740 659 1785 illa
683 1757 811 1802 quae
836 1740 898 1785 de
924 1739 1118 1786 familiis
1142 1739 1380 1794 condidit,
1403 1755 1515 1785 cum
1541 1738 1778 1800 Scipionis

308 1806 630 1869 Pomponiani
664 1810 923 1853 transisset
957 1810 1137 1852 atrium
1173 1807 1474 1867 vidissetque
1509 1805 1777 1867 adoptione

307 1876 687 1920 testamentaria
726 1873 1183 1919 Salvittones—-hoc
1224 1876 1355 1918 enim
1395 1871 1560 1918 fuerat
1599 1888 1777 1934 cogno-

369 1992 383 2015 1
412 1990 553 2029 linteis
579 1990 760 2028 Fwffiner
786 1990 872 2029 coll.
900 1992 964 2027 51.

370 2044 384 2067 ²
413 2049 610 2082 aeternae
644 2043 858 2094 Mayhoff:
909 2043 1023 2094 ipsae
1055 2044 1201 2081 Galen:
1252 2047 1423 2093 emptae
1453 2041 1548 2088 Ian,
1586 2041 1773 2080 Urlichs:

315 2103 457 2136 tamen
479 2099 583 2136 coni.
606 2097 728 2146 Silliq
747 2112 754 2135 :
794 2101 837 2135 et
859 2109 925 2134 me
945 2096 1031 2135 cdd.
1056 2097 1157 2144 (etia
1179 2096 1267 2144 ΒΞ).

369 2152 383 2174 ³
414 2151 650 2189 stimulatio
675 2150 821 2189 Gelan:
865 2150 1102 2188 stimmatio
1127 2149 1211 2188 Blz
1253 2148 1470 2187 estimatio
1495 2147 1635 2196 (deleto
1657 2147 1778 2196 haec)

318 2204 368 2242 132
387 2221 394 2243 :
435 2205 563 2242 stima
584 2204 693 2242 ratio
715 2204 797 2242 rell.
822 2206 1008 2252 (summa
1030 2217 1060 2241 r.
1084 2202 1142 2242 cd.
1168 2203 1264 2241 Par.
1291 2203 1380 2241 Lat.
1402 2203 1540 2251 6797).

364 2399 382 2418 ⁰
410 2394 446 2432 A
475 2394 635 2431 maxim
663 2393 710 2431 of
733 2392 940 2443 Epicurus
968 2406 1052 2430 was
1072 2390 1179 2430 Λάθε
1203 2390 1354 2440 βιώσας
1383 2391 1491 2430 ‘live
1518 2389 1777 2430 unnoticed.'

369 2447 384 2471 δ
413 2447 463 2485 In
488 2449 652 2498 private
676 2446 839 2484 houscs.

314 2500 627 2593 befoffagganch
647 2500 695 2538 of
710 2500 781 2538 the
805 2499 915 2538 Gens
940 2498 1118 2544 Valeria,
1143 2502 1188 2536 to
1210 2497 1346 2536 which
1366 2497 1438 2536 the
1459 2496 1662 2536 Messalae
1685 2496 1775 2535 also

437 2587 460 2604 Ο
521 2584 529 2593 .

313 2632 396 2682 264
