1873 3020
205 603 248 639 §vl

203 1210 253 1249 92

205 1906 255 1945 93

549 206 783 252 PLINY:
838 206 1164 253 NATURAL
1212 206 1503 254 HISTORY

285 336 522 381 taxaturl
550 339 598 380 in
626 336 772 380 libras
803 337 839 381 >4
869 351 956 388 vn,
978 335 1192 381 mediam
1221 352 1349 397 quae
1378 337 1416 382 Χ
1445 351 1490 390 V,
1515 339 1760 391 attritam,

288 439 434 484 quam
463 430 514 468 et
547 422 842 467 herbaceam
872 430 1066 476 vocant,
1096 424 1133 468 >4
1164 438 1236 467 111.
1305 422 1561 468 sublinunt
1590 429 1760 468 autem

288 509 599 563 harenosam,
669 513 956 571 priusquam
1028 509 1285 563 inducant,
1355 516 1640 555 atramento
1709 515 1762 554 et

288 595 599 641 Paraetonio.
668 595 792 641 haec
826 603 941 641 sunt
977 599 1175 641 tenacia
1212 599 1333 651 eiuS,
1363 595 1524 641 colore
1559 595 1759 642 blanda.

290 682 658 734 Paraetonium,
690 686 923 744 quoniam
964 690 1040 727 est
1078 690 1257 728 natura
1295 686 1672 745 pinguissimum
1710 689 1761 728 et

287 777 490 831 propter
512 770 725 815 levorem
747 772 1138 824 tenacissimum,
1159 776 1443 815 atramento
1463 773 1761 831 aspergitur,

289 874 349 901 ne
381 856 660 902 Paraetonii
696 857 880 901 candor
912 856 1151 917 pallorem
1183 855 1516 919 chrysocollae
1548 856 1760 902 adferat.

287 943 471 989 luteam
515 951 698 1004 putant
741 960 768 988 a
813 943 918 988 luto
962 942 1116 988 herba
1161 943 1366 997 dictam,
1410 959 1560 1005 quam
1604 946 1760 1004 ipsam

286 1031 515 1075 caeruleo
555 1030 824 1076 subtritam
865 1047 953 1092 pro
994 1030 1296 1092 chrysocolla
1337 1029 1595 1084 inducunt,
1636 1029 1760 1075 vilis-

287 1121 409 1162 simo
429 1134 614 1179 genere
635 1125 788 1179 atque
809 1116 1140 1163 fallacissimo.

348 1204 586 1250 XXVIII.
628 1204 757 1250 Usus
783 1203 1116 1267 chrysocollae
1143 1212 1193 1249 et
1228 1207 1275 1249 in
1310 1204 1555 1250 medicina
1590 1211 1665 1249 est
1698 1203 1760 1250 ad

288 1291 546 1352 purganda
578 1291 776 1336 volnera
807 1309 917 1336 cum
948 1308 1062 1337 cera
1091 1298 1244 1353 atque
1275 1291 1397 1337 oleo.
1467 1291 1645 1336 eadem
1674 1307 1762 1352 per

287 1395 338 1423 se
378 1378 514 1423 arida
555 1382 707 1424 siccat
748 1378 837 1424 et2
877 1377 1142 1424 contrahit.
1211 1378 1362 1423 datur
1401 1385 1453 1423 et
1491 1381 1541 1424 in
1579 1381 1760 1439 angina

286 1465 656 1526 orthopnoeave
696 1465 931 1528 lingenda
971 1482 1081 1511 cum
1123 1465 1286 1510 melle.
1354 1468 1573 1510 concitat
1612 1467 1760 1510 vomi-

288 1557 465 1606 tiones,
489 1556 724 1598 miscetur
749 1559 801 1598 et
824 1552 1035 1614 collyriis
1061 1551 1125 1597 ad
1148 1555 1402 1598 cicatrices
1427 1551 1679 1597 oculorum
1704 1568 1760 1597 ac

289 1640 522 1685 viridibus
547 1640 829 1701 emplastris
855 1640 918 1685 ad
943 1639 1136 1685 dolores
1161 1639 1483 1701 mitigandos,
1507 1642 1759 1685 cicatrices

288 1726 574 1772 trahendas.
644 1726 771 1772 hanc
797 1726 1151 1789 chrysocollam
1180 1726 1358 1771 medici
1386 1729 1567 1771 acesim
1593 1725 1760 1787 appel-

286 1812 410 1867 lant,
437 1830 566 1875 quae
593 1830 689 1859 non
717 1821 793 1859 est
818 1814 1036 1860 orobitiS.

351 1900 536 1946 XXIX.
575 1900 941 1963 Chrysocollam
991 1907 1043 1946 et
1095 1900 1318 1945 aurifices
1371 1900 1459 1945 sibi
1509 1899 1759 1945 vindicant

288 1987 649 2049 adglutinando
671 2005 807 2041 auro,
831 1995 883 2033 et
905 1987 1020 2033 inde
1043 2003 1213 2032 omnes
1237 1987 1514 2048 appellatas
1535 1986 1760 2032 similiter

289 2078 504 2120 virentes
528 2074 714 2120 dicunt.
785 2081 1097 2136 temperatur
1121 2081 1290 2119 autem
1317 2073 1499 2135 Cypria
1523 2076 1758 2134 aerugine

290 2168 342 2206 et
366 2165 504 2222 pueri
531 2161 726 2222 inpubis
754 2165 892 2206 urina
919 2161 1091 2206 addito
1117 2164 1246 2206 nitro
1272 2163 1551 2221 teriturque
1577 2159 1759 2222 Cyprio

487 2260 502 2283 1
535 2266 783 2299 mataxatur
807 2261 870 2300 B:
913 2262 998 2299 iam
1022 2265 1200 2300 taxatur
1223 2261 1328 2299 coni.
1356 2259 1558 2310 Mayhoff.

488 2315 503 2338 ²
532 2315 663 2353 siccat
688 2320 731 2353 et
756 2315 806 2361 B,
833 2314 893 2354 cd.
919 2315 1018 2353 Par.
1047 2316 1146 2353 6801
1171 2330 1179 2353 ε
1224 2318 1267 2352 et
1292 2314 1402 2352 sicca
1427 2313 1511 2352 rell.

555 2451 571 2469 ⁰
600 2445 919 2492 Pmaetonizwm
962 2458 1029 2484 seo
1051 2445 1233 2491 XXXV,
1257 2445 1323 2491 30,
1345 2445 1411 2484 36.

557 2497 572 2522 ὁ
602 2500 750 2544 ἅκεσις,
776 2513 800 2537 a
823 2499 1009 2548 remedy,
1035 2498 1213 2549 healing.

561 2558 574 2575 ⁰
604 2553 674 2597 Or,
699 2553 806 2591 child
832 2552 895 2598 (of
912 2552 1048 2591 either
1068 2557 1173 2601 sex).

291 2623 346 2668 70
