1873 3020
592 203 829 254 PLINY:
894 203 1221 251 NATURAL
1270 199 1563 250 HISTORY

296 335 406 396 lege
440 333 780 396 pugnantibus
807 347 834 378 e
867 331 1201 394 pectoralibus
1228 347 1398 377 eorum
1423 333 1678 392 ocreisque
1711 336 1765 376 et

295 401 467 463 galeis.
535 399 812 461 amplitudo
870 405 1019 444 tanta
1079 405 1173 453 est,
1232 405 1290 443 ut
1347 400 1678 459 conspiciatur
1734 413 1763 442 a

298 468 487 513 Latiari
554 467 686 512 Iove.
755 482 782 511 e
845 465 1063 527 reliquiis
1126 464 1275 510 limae
1338 480 1479 509 suam
1541 471 1764 509 statuam

214 543 265 578 44
296 534 433 589 fecit,
458 550 587 596 quae
614 540 691 579 est
717 539 835 578 ante
860 532 1014 593 pedes
1040 531 1288 577 simulacri
1313 533 1432 576 eius.
1499 529 1691 576 habent
1713 533 1764 575 in

297 601 473 647 eodem
507 599 753 661 Capitolio
786 598 1168 644 admirationem
1203 605 1256 644 et
1286 601 1455 659 capita
1486 597 1603 653 duo,
1635 612 1764 659 quae

298 668 350 713 P.
390 667 631 713 Lentulus
666 683 762 712 cos.
799 665 1001 720 dicavit,
1036 665 1250 710 alterum
1290 681 1319 709 a
1360 663 1578 710 Charete
1617 679 1765 725 supra

294 735 428 780 dicto
474 733 683 788 factum,
731 732 945 778 alterum
991 731 1112 777 fecit
1147 767 1156 777 .
1196 768 1205 777 .
1244 767 1253 777 .
1289 731 1464 776 dicus1
1511 746 1766 792 compara-

297 805 433 847 tione
470 804 520 846 in
555 808 757 846 tantum
792 803 968 854 victus,
1005 805 1062 844 ut
1097 798 1381 844 artificum2
1416 800 1619 843 minime
1655 813 1766 858 pro-

217 876 269 914 45
299 868 475 913 babilis
508 867 753 913 videatur.
820 882 992 912 verum
1025 881 1224 912 omnem
1257 864 1636 926 amplitudinem
1667 871 1767 909 sta-

298 943 499 980 tuarum
539 937 642 980 eius
680 936 876 996 generis
914 935 1031 978 vicit
1068 939 1241 978 aetate
1279 939 1448 977 nostra
1485 931 1766 976 Zenodorus

301 1002 550 1047 Mercurio
602 1000 738 1046 facto
790 1003 839 1045 in
890 1002 1094 1045 civitate
1148 998 1342 1044 Galliae
1394 998 1627 1044 Arvernis
1678 1013 1768 1059 per

297 1085 450 1114 annos
482 1068 674 1122 decem,
707 1083 765 1112 Hs
805 1076 942 1132 {ccffil
965 1066 985 1095 3
1015 1069 1316 1127 manipretii,
1345 1072 1613 1127 postquam
1647 1067 1766 1109 satis

298 1142 459 1181 artem
495 1135 563 1180 ibi
599 1134 984 1196 adprobaverat,
1021 1132 1230 1178 Romam
1266 1135 1451 1178 accitus
1487 1148 1516 1177 a
1553 1131 1768 1185 Nerone,

300 1203 383 1247 ubi
427 1202 735 1248 destinatum
771 1200 897 1246 illius
933 1203 1164 1262 principis
1200 1199 1495 1245 simulacro4
1527 1198 1767 1244 colossum

298 1268 418 1315 fecit
465 1268 605 1313 CVIS5
652 1268 837 1329 pedum
882 1270 932 1312 in
958 1268 977 1297 ⁶
1021 1266 1401 1328 longitudinem,
1443 1268 1527 1327 qui
1573 1265 1767 1311 dicatus

302 1335 399 1381 Soli
425 1336 443 1364 7
502 1338 809 1381 venerationi
871 1341 948 1380 est
1007 1333 1257 1379 damnatis
1317 1332 1582 1378 sceleribus
1642 1331 1767 1376 illius

219 1410 270 1447 46
304 1405 550 1464 principis.
618 1402 922 1447 mirabamur
982 1403 1030 1445 in
1091 1400 1282 1445 officina
1342 1416 1440 1445 non
1498 1398 1647 1445 modo
1706 1414 1767 1443 ex

301 1469 476 1531 argilla
510 1468 883 1514 similitudinem
918 1470 1180 1530 insignem,
1215 1483 1387 1512 verum
1423 1473 1475 1511 et
1509 1465 1572 1511 de
1607 1467 1768 1527 parvis

300 1536 570 1581 admodum
607 1535 809 1581 surculis
834 1536 854 1565 8
890 1535 1022 1596 quod
1057 1537 1271 1596 primum
1309 1536 1469 1595 operis
1505 1534 1767 1578 instaurati

301 1602 410 1648 fuit.
479 1619 539 1647 ea
588 1610 758 1648 statua
804 1601 1041 1647 indicavit
1085 1603 1313 1646 interisse
1357 1599 1598 1645 fundendi
1643 1601 1768 1644 aeris

302 1673 580 1724 scientiam,
612 1686 724 1714 cum
758 1676 811 1714 et
843 1668 976 1714 Nero
1007 1668 1174 1730 largiri
1203 1683 1377 1712 aurum
1405 1673 1768 1728 argentumque

302 1743 508 1797 paratus
551 1743 684 1782 esset
725 1742 778 1781 et
825 1734 1107 1780 Zenodorus
1149 1737 1356 1780 scientia
1396 1730 1614 1795 fingendi
1659 1747 1769 1777 cae-

222 1810 270 1846 47
303 1803 538 1864 laudique
568 1802 687 1848 nulli
711 1809 938 1848 veterum
968 1808 1368 1864 postponeretur.
1434 1807 1655 1846 statuam
1679 1799 1769 1844 Ar—

369 1904 380 1926 ¹
415 1904 615 1942 Prodicus
641 1904 745 1943 coni.
773 1903 921 1954 Silliq:
967 1902 1230 1954 Pythodicus
1262 1900 1423 1941 Urlichs
1448 1901 1534 1940 coll.
1563 1900 1667 1950 §85

366 1958 381 1980 ²
421 1957 755 1996 1'.l.artificium.

368 2010 384 2032 ³
414 2010 539 2063 {ffiool
560 2011 668 2050 Ian:
709 2021 829 2049 occo.

367 2065 381 2087 ⁴
411 2064 635 2103 simulacro
662 2064 725 2103 B:
771 2063 1042 2102 simulacrum
1069 2063 1153 2102 rell.

370 2118 384 2139 ⁵
415 2128 510 2156 cvls
570 2118 801 2168 Detlefsen:
881 2127 989 2155 CXIX
1049 2116 1158 2154 Ian:
1235 2125 1366 2154 ox1xs
1434 2113 1622 2154 Urlichs:
1703 2112 1770 2152 cui

314 2172 544 2221 nonaginta
566 2174 630 2221 (=
653 2172 802 2219 cmxc)
824 2170 887 2210 B:
928 2170 994 2209 cui
1017 2180 1047 2208 x
1067 2175 1138 2208 aut
1158 2169 1245 2208 alia
1265 2169 1348 2208 rell.

369 2226 383 2248 ⁶
414 2226 455 2262 in
478 2224 570 2263 add.
597 2224 798 2275 Mayhoff.

371 2279 384 2301 ⁷
413 2277 491 2316 soli
516 2278 579 2317 B:
624 2278 723 2316 solis
747 2278 830 2316 rell.

369 2332 384 2355 ⁸
415 2331 586 2370 sublicis
608 2332 713 2370 coni.
745 2331 1036 2380 Warminqton.

319 2428 331 2434 ’
363 2443 381 2462 ‘²
411 2439 475 2477 On
498 2438 569 2476 the
591 2438 730 2476 Alban
751 2438 914 2482 Momm,
938 2443 1009 2475 ten
1031 2436 1148 2474 miles
1168 2436 1275 2474 from
1297 2436 1444 2474 Rome.

367 2492 381 2516 ⁶
412 2492 522 2542 Only
552 2491 624 2530 the
653 2491 737 2529 last
766 2492 846 2529 five
876 2491 1021 2529 letters
1050 2490 1098 2528 of
1123 2489 1194 2528 the
1224 2502 1348 2527 name
1377 2488 1546 2527 survive
1580 2488 1622 2526 in
1653 2485 1768 2525 MSS.

309 2545 499 2584 Another
523 2544 792 2595 conjectured
818 2544 1073 2583 restoration
1099 2543 1132 2581 is
1158 2542 1433 2594 Pythodicus‚
1475 2541 1526 2581 cf.
1555 2541 1573 2589 5
1595 2542 1659 2580 85.

310 2624 391 2667 160
