1873 3020
564 187 770 234 PLINY
789 204 799 234 :
853 187 1180 234 NATURAL
1226 187 1519 234 HISTORY

311 334 416 363 esse
439 317 791 362 libramentum
816 324 1032 377 oportet,
1056 323 1112 362 ut
1134 324 1247 361 ruat
1269 320 1429 361 verius
1453 332 1601 378 quam
1624 314 1774 369 fluat3

309 401 480 459 itaque
516 397 763 442 altissimis
799 396 1024 458 partibus
1059 396 1270 441 ducitur.
1337 395 1581 442 convalles
1618 403 1669 441 et
1704 399 1773 440 in-

311 476 514 523 tervalla
539 477 833 521 substructis
857 476 1110 521 canalibus
1134 479 1421 538 iunguntur.
1489 475 1605 521 alibi
1628 492 1774 537 rupes

312 561 468 602 inviae
490 557 769 602 caeduntur
788 556 1060 618 sedemque
1082 556 1306 601 trabibus
1327 559 1513 601 cavatis
1533 556 1774 617 praebere

309 644 568 699 coguntur.
637 640 719 698 qui
768 636 952 691 caedit,
1000 636 1199 681 funibus
1250 635 1454 697 pendet,
1504 642 1560 681 ut
1607 635 1774 697 procul

310 720 523 763 intuenti
552 720 741 778 species
770 733 832 762 ne
860 715 1078 762 ferarum
1106 716 1325 778 quidem,
1353 716 1442 761 sed
1468 715 1643 761 alitum
1671 715 1773 762 fiat.

309 797 587 859 pendentes
622 800 807 842 maiore
844 813 905 842 ex
939 803 1084 858 parte
1118 795 1303 842 librant
1338 803 1389 841 et
1424 795 1577 841 lineas
1611 799 1774 841 itineri

309 877 637 939 praeducunt,
697 893 896 939 quaque
955 879 1228 922 insistentis
1288 879 1508 938 vestigiis
1567 875 1776 921 hominis

312 959 441 1003 locus
470 974 567 1003 non
595 964 689 1012 est,
716 973 886 1002 amnes
915 956 1182 1003 trahuntur
1208 957 1270 1001 ab
1298 956 1536 1002 homine.1
1603 960 1774 1002 vitium

309 1037 504 1083 lavandi
530 1045 625 1092 est,
644 1040 682 1082 si
708 1037 864 1083 fluens
889 1040 1046 1082 amnis
1070 1037 1231 1082 lutum
1255 1040 1505 1099 inportet;
1545 1036 1597 1082 id
1619 1052 1776 1099 genus

310 1126 474 1163 terrae
523 1121 685 1163 urium
734 1125 928 1163 vocant.
997 1133 1115 1180 ergo
1164 1133 1253 1178 per
1300 1117 1457 1162 silices
1505 1116 1776 1163 calculosve

309 1199 499 1244 ducunt
547 1205 600 1244 et
647 1201 807 1243 urium
858 1201 1065 1243 evitant.
1133 1197 1196 1243 ad
1243 1201 1409 1259 capita
1456 1197 1680 1242 deiectus
1728 1201 1775 1242 in

309 1278 579 1340 superciliis
605 1281 849 1323 montium
875 1281 1093 1339 piscinae
1118 1284 1358 1323 cavantur
1382 1277 1598 1323 ducenos
1623 1277 1776 1338 pedes

310 1363 359 1404 in
380 1375 602 1420 quasque
622 1366 790 1420 partes
812 1365 863 1403 et
883 1361 931 1403 in
951 1357 1270 1404 altitudinem
1289 1357 1458 1403 denos.
1527 1360 1776 1402 emissaria

311 1442 359 1484 in
391 1442 446 1484 iis
480 1442 629 1500 quina
662 1438 846 1500 pedum
879 1438 1235 1500 quadratorum
1267 1445 1466 1483 ternum
1497 1437 1602 1483 fere
1633 1437 1773 1482 relin-

311 1526 548 1580 quuntur,
595 1526 649 1564 ut
694 1519 887 1580 repleto
930 1526 1109 1581 stagno
1155 1521 1369 1564 excussis
1414 1521 1777 1580 opturamentis

313 1606 544 1660 erumpat
579 1606 771 1645 torrens
807 1606 951 1644 tanta
989 1603 1033 1644 vi
1071 1607 1127 1644 ut
1162 1615 1283 1643 saxa
1318 1597 1588 1659 provolvat.
1655 1597 1777 1643 alius

313 1682 587 1724 etiamnum
613 1682 662 1724 in
688 1679 837 1740 plano
860 1679 1014 1724 labor.
1082 1678 1260 1732 fossae,
1286 1694 1375 1740 per
1400 1694 1521 1740 quas
1547 1677 1778 1740 profluat,

310 1766 801 1821 cavantur-agogas
835 1766 1104 1813 vocant—3
1154 1758 1248 1804 hae
1281 1765 1573 1804 sternuntur
1603 1757 1779 1820 grada-

312 1843 402 1884 tim
453 1839 593 1885 ulice.
661 1838 828 1884 frutex
880 1846 957 1884 est
1007 1842 1124 1884 roris
1174 1841 1348 1884 marini
1399 1838 1585 1893 similis,
1635 1853 1779 1900 asper

313 1936 588 1981 aurumque
611 1923 847 1966 retinens.
915 1919 1073 1964 latera
1097 1918 1364 1964 cluduntur
1386 1918 1587 1971 tabulis,
1611 1934 1666 1964 ac
1690 1933 1778 1980 per

381 2066 393 2089 ¹
426 2067 658 2106 trahuntur
691 2068 745 2106 ab
780 2068 948 2106 homine
983 2068 1044 2106 B:
1091 2067 1325 2105 trahuntur
1357 2066 1411 2105 ad
1442 2066 1632 2104 homines
1661 2066 1774 2105 rell.:

323 2121 513 2160 trahunt.
536 2134 660 2160 omne
680 2121 914 2160 Harrlonin.

372 2359 389 2377 ‘²
418 2353 492 2392 I.e.
516 2353 587 2391 the
610 2353 901 2403 gold-bearing
927 2352 1078 2390 debris.

376 2406 390 2430 ὓ
419 2406 506 2444 The
546 2406 852 2444 identification
892 2406 924 2443 is
963 2403 1162 2443 doubtful
1201 2403 1243 2442 in
1284 2404 1388 2442 view
1426 2403 1475 2442 of
1507 2403 1579 2442 the
1617 2403 1776 2454 alleged

318 2460 601 2499 resemblance
622 2463 668 2497 to
693 2472 921 2508 rosemary.
982 2459 1218 2508 Rosemary
1239 2470 1333 2509 may
1360 2458 1410 2496 be
1434 2457 1565 2497 called
1589 2457 1597 2471 ‘
1616 2457 1777 2508 rough,’

317 2514 396 2552 but
416 2515 449 2552 it
470 2514 504 2551 is
525 2518 600 2551 not
621 2512 782 2563 prickly
806 2512 886 2550 like
907 2525 1038 2562 gorse.

316 2592 372 2650 58
